2670 4830
142 379 163 424 n
407 357 445 424 C.
471 356 645 426 PLINII
671 358 780 426 NAT.
808 356 940 424 HIST.

142 492 175 558 in
188 490 322 576 orbem,
337 489 371 557 in
384 489 572 585 obliquum,
588 491 621 557 in
638 489 818 576 ambitum,
834 488 984 582 quaedam
1006 513 1124 583 corona

141 620 283 666 coronas
305 611 455 666 currunt.

108 733 118 765 1
192 705 238 771 Il.
260 696 327 790 (11.)
341 700 577 771 Tenuioribus¹
595 700 775 769 utebantur
795 700 921 794 antiqui
931 699 954 788 ²,
975 715 1124 796 stroppos

141 807 320 904 pellentes:
338 807 426 878 unde
440 825 518 878 nata
529 805 721 902 strophiolo.
731 807 823 895 Quin
840 821 873 874 et
887 807 1086 879 vocabulum
1100 813 1124 902 i}

140 916 235 984 tarde
257 917 539 1006 communicatum
558 928 628 1001 est,
650 915 736 981 inter
757 937 850 982 sacra
868 899 1010 982 tantum³
1022 928 1056 982 ct
1075 915 1124 983 bel

139 1023 284 1091 honores
307 1023 438 1091 coronis
457 1046 553 1091 suum
573 1044 694 1090 nomen
718 1019 970 1088 vindicantibus.
995 1021 1110 1107 Quum

137 1128 309 1197 elloribus
321 1127 440 1197 fierent
455 1113 574 1212 serta⁴‚
595 1151 614 1195 a
635 1125 775 1195 serendo
791 1112 922 1194 serviae⁵
937 1125 1124 1219 appellabar

2 1308 4 1315 ·
96 1316 99 1320 ·
176 1286 212 1338 11.
225 1304 249 1339 r.
265 1274 431 1343 Tenniorr'bus.
446 1283 561 1337 Coronis
577 1282 650 1337 vide·
695 1283 748 1336 tius
761 1283 857 1336 cecinit
876 1283 978 1353 hymno
997 1285 1089 1337 3ante
1103 1285 1124 1338 ci

134 1366 210 1427 licet,
227 1385 311 1419 none
328 1364 439 1418 floribus
457 1363 584 1436 quidem,
602 1362 649 1417 sed
694 1382 763 1416 vers.
780 1367 833 1417 26':
850 1365 988 1432 «Sperne,
1001 1364 1124 1430 Camena,

133 1443 237 1499 duabus
249 1444 368 1498 tribusve
380 1443 477 1502 taeniis,
493 1444 548 1496 sive
562 1443 649 1496 corol·
694 1440 800 1507 ederas,
816 1442 930 1512 Cingere
949 1457 1071 1512 tempora
1085 1463 1124 1515 qu

131 1526 165 1579 lis
179 1524 294 1578 invicem
305 1522 397 1589 tortis3
410 1523 446 1576 sic
456 1534 486 1576 ut
496 1543 511 1576 e
523 1522 648 1593 pluribus
692 1521 739 1575 lita
753 1531 780 1575 ea
792 1541 798 1575 :
810 1521 940 1594 Sertaque
952 1524 1062 1591 mystica
1075 1523 1124 1576 dac

131 1624 185 1658 una
196 1606 281 1657 fleret.
293 1604 401 1673 Στρόφια
417 1601 583 1664 dicebantur,
596 1603 648 1655 hoc
692 1602 794 1654 Texerc
806 1599 882 1654 docta
896 1602 948 1672 liga
961 1604 1100 1674 strophio,
1116 1605 1124 1655 l

132 1698 187 1748 est,
205 1683 292 1736 fasciae
313 1682 414 1753 capitia.
433 1683 539 1735 Nomen
553 1702 584 1735 ex
602 1701 646 1746 eo,
693 1679 737 1733 dei
760 1679 884 1734 redimita
905 1700 1024 1735 comas.»
1049 1685 1124 1754 Dacg

131 1761 302 1841 quodensent
317 1781 354 1814 eae
368 1762 479 1816 tortiles.
499 1761 596 1832 virgil.
619 1763 648 1814 in
692 1763 824 1830 strophium
847 1773 924 1813 vocat
949 1763 1075 1815 carminis
1099 1783 1124 1834 gt

129 1845 223 1914 Copa:
239 1842 297 1894 Ι«Εῑ
316 1840 457 1912 gravidum
473 1860 552 1894 roseo
571 1855 647 1895 necte
691 1840 765 1912 qnod
773 1841 938 1911 grammatici
946 1840 1124 1911 dactylicum,

131 1935 213 1993 caput
228 1922 379 1994 strophio.»
396 1923 491 1974 Hran.
690 1920 763 1990 ctylo
774 1919 858 1990 pede,
877 1940 932 1992 quo
944 1922 999 1974 fere
1016 1936 1119 1976 constat

174 2021 200 2054 a.
211 2003 327 2074 Antiqui,
337 2013 455 2072 stroppos.
466 2000 509 2054 sic
521 2013 547 2054 et
554 1999 645 2055 chiffl.
690 2000 832 2070 pellarunt.
844 1999 888 2053 Sic
902 1998 972 2053 idem
990 2001 1093 2073 hymno
1109 2017 1124 2055 t«

131 2094 225 2157 atropos
238 2083 326 2134 Turn.
341 2082 451 2151 strophia
464 2081 550 2134 Gron.
562 2093 588 2133 et
602 2080 645 2134 Al.
689 2079 745 2150 περὶ
762 2081 896 2152 στεφάνου,
907 2099 976 2133 vers.
991 2084 1059 2134 2081:
1077 2111 1087 2131 ι
1097 2085 1124 2135 Aa

131 2161 339 2231 Em—Antiqm’.
352 2162 449 2213 Janum
461 2160 581 2213 omnium
589 2160 645 2231 pri·
690 2174 757 2212 serta
772 2160 856 2212 choro
871 2161 898 2212 in
911 2159 1000 2212 medio
1019 2162 1102 2214 Texta
1121 2183 1124 2214 t

130 2258 205 2294 mum
225 2258 366 2294 nummum
386 2241 559 2311 percussisse,
576 2253 645 2292 rates
689 2239 758 2309 pede
777 2239 943 2311 dactylico.»
960 2241 1118 2310 Strophium

131 2334 159 2374 et
178 2339 259 2374 naves
275 2319 425 2386 invenisse,
437 2338 548 2374 coronas
568 2337 646 2392 repe·
688 2337 739 2389 pro
751 2319 869 2371 carmine
884 2321 1035 2389 usurpavit,
1047 2321 1121 2391 quod

130 2399 212 2466 risse,
226 2399 335 2472 illisque
354 2400 435 2452 fuisse
457 2417 550 2461 usum,
565 2396 646 2452 tradit
688 2397 842 2467 thraecis‚
851 2411 882 2451 ut
892 2393 958 2469 ᾠδὴ,
969 2416 1076 2453 carmen
1085 2415 1123 2454 est

131 2479 288 2553 Athenaeus,
302 2479 350 2532 lib.
361 2479 425 2543 XV,
434 2498 465 2532 ac
475 2477 537 2530 ideo
550 2479 645 2531 multas
688 2476 800 2529 deorum
813 2478 904 2531 laudes
915 2480 1094 2532 continentur.
1110 2482 1124 2533 Ι

131 2559 249 2613 civitates
262 2557 344 2612 Italiae
358 2557 530 2612 acSiciliaein
543 2575 589 2610 sua
600 2577 645 2626 pe·
688 2555 813 2628 Stroppos·
834 2559 909 2611 Brot¹
932 2577 963 2610 ex
985 2559 1061 2612 MSS·
1079 2563 1124 2631 Re,

131 2639 210 2692 cunia
217 2677 226 2704 ‚
241 2636 324 2691 altera
343 2651 419 2709 parte
431 2636 569 2708 bicipitem
583 2655 645 2689 eum
691 2655 722 2699 a,
745 2649 772 2689 et
783 2636 918 2691 Camerac.
929 2651 1047 2709 stroppos.
1059 2641 1112 2693 En.

130 2717 244 2778 cudere,
261 2717 343 2771 altera
357 2718 400 2770 vel
417 2736 512 2771 navem
520 2757 528 2781 ,
542 2716 585 2769 vel
602 2735 645 2769 ra·
731 2718 757 2770 3.
772 2719 839 2768 Inter
850 2737 921 2770 sacra
934 2730 1034 2772 tantam.
1044 2721 1124 2785 Quae«

130 2811 185 2852 tem
198 2835 206 2859 ,
220 2796 264 2851 vel
278 2815 415 2851 coronam.
429 2796 582 2861 Victorius,
596 2796 645 2851 lib.
688 2796 743 2850 nati
756 2798 927 2868 peragebant.
941 2800 1047 2852 Danao.

129 2878 260 2942 XXXVI,
269 2895 327 2949 cap.
339 2875 645 2948 16·Det.-Stroppos.
731 2882 756 2940 4.
772 2877 799 2930 Ε
807 2879 912 2948 floribus
920 2877 1011 2947 fierent
1025 2890 1097 2932 serta·
1118 2911 1124 2930 r

130 2959 190 3012 lloc
206 2971 244 3011 eat
252 2957 393 3029 ,atrophia¹
403 2956 448 3010 Sic
457 2969 565 3028 stroppos
571 2957 645 3026 prio·
688 2957 771 3028 Apul.
783 2957 810 3008 X
821 2958 909 3023 Asini,
917 2959 1016 3012 Gratiae
1027 2972 1052 3011 et
1061 2960 1124 3010 Hor:

130 3055 161 3090 re
173 3039 234 3090 loco
248 3038 375 3090 exhibent
388 3037 466 3090 MSS.
473 3040 555 3109 Regg.
566 3037 643 3091 Colh.
687 3054 779 3090 nerem
789 3035 866 3090 deam
880 3057 955 3090 suam
969 3040 1119 3109 propitiant

131 3115 225 3171 Chiffl.
236 3129 287 3170 etc.
296 3119 331 3169 Et
338 3136 403 3170 vero
419 3118 525 3172 Festus:
535 3144 546 3166 ι
554 3117 646 3186 Strop·
687 3117 720 3168 lis
730 3116 805 3169 floris
814 3119 891 3181 serti,
901 3130 927 3169 et
937 3118 1025 3170 soluti.
1038 3120 1124 3171 Coron

130 3206 251 3268 puscet,
267 3196 369 3267 inquit,
390 3209 420 3250 ut
435 3197 539 3250 Atteius
554 3196 645 3248 Philo·
686 3195 813 3260 floribus,
829 3197 961 3265 στεφάνους
981 3199 1091 3258 ἰοθαλέας
1107 3199 1124 3250 Ρ

129 3276 207 3347 logne
220 3274 373 3339 existimat,
387 3274 460 3346 quod
473 3292 558 3346 grance
571 3277 644 3346 στρό-
686 3293 770 3326 xenus
780 3288 857 3329 vocat
872 3274 943 3345 apud
961 3278 1056 3330 Athen.
1074 3277 1122 3328 lib.

130 3373 182 3424 paca
190 3365 344 3419 vocatur,et
352 3351 583 3425 quodsacerdotes
591 3373 642 3425 pro
684 3371 745 3424 pag·
762 3354 824 3407 20³.
839 3353 920 3425 'Apud
933 3355 1057 3409 cumdem
1072 3378 1124 3409 erro

129 3434 227 3506 insigni
243 3433 343 3487 habent
363 3434 392 3486 iu
409 3434 503 3504 capite.
524 3431 641 3499 Quidam
687 3435 806 3486 Dromon
819 3439 914 3501 vocnt,
930 3454 988 3505 que
1005 3436 1117 3506 singulis

129 3530 256 3568 eoronam
265 3533 320 3567 esse
332 3511 439 3581 dicunt,
450 3527 497 3566 aut
507 3511 581 3585 quod
591 3532 642 3585 pro
685 3513 754 3566 vivis
766 3511 1002 3583 dispertiebantur.
1015 3519 1118 3568 Danaa.

128 3611 228 3666 corona
241 3593 343 3664 insigne
351 3593 379 3647 in
387 3607 467 3666 caput
478 3594 642 3664 imponatur,
729 3593 754 3647 5.
767 3594 794 3645 A
803 3595 902 3647 serendo
910 3599 1001 3647 service.
1012 3595 1124 3666 Serere}

128 3673 208 3744 quale
224 3674 258 3726 sit
275 3673 432 3745 strophium.
454 3675 548 3744 Itaque
568 3671 642 3745 apud
685 3672 804 3744 intellige
824 3675 925 3744 ligare:
951 3673 1022 3727 unde
1051 3687 1078 3727 et
1103 3695 1124 3728 ct

127 3752 242 3807 Faliscos
257 3751 328 3806 diem
341 3754 438 3808 festum
452 3772 522 3820 esse,
532 3753 580 3824 qui
593 3771 638 3806 vo·
685 3769 754 3805 rere·
769 3784 810 3796 -
826 3755 866 3806 Ita
879 3753 954 3807 MSS.
968 3773 1061 3808 omnes
1074 3775 1124 3825 pro

126 3846 202 3888 catur
230 3831 401 3905 Strupearia,
424 3833 487 3906 quia
518 3833 638 3886 coronati
682 3833 816 3904 appellati.
832 3834 912 3887 Forte
924 3834 1021 3888 rectius
1033 3846 1121 3888 tamen

127 3913 277 3977 ambulent,
289 3924 341 3968 etc.
350 3939 361 3960 ·
376 3913 437 3966 Alio
447 3915 527 3985 longe
537 3913 637 3984 signifi·
682 3913 756 3965 rcado
765 3918 860 3966 serieve.
868 3914 938 3966 Nam
949 3927 976 3967 ct
986 3933 1000 3965 a
1009 3935 1075 3979 sero,
1086 3915 1123 3967 ho

127 4007 199 4061 catu,
208 3994 339 4064 strophium
353 3993 499 4065 dactylicum
513 3993 636 4047 Pruden·
666 4044 668 4049 ,
682 4005 779 4057 necto,
797 3993 876 4047 series
892 3992 963 4046 dicta
984 4007 1030 4047 est.
1052 3995 1124 4047 Ratio
