2670 4830
161 399 183 480 a
435 396 473 462 c.
501 353 798 465 rnruuulr.
826 392 956 462 rusr.
1041 466 1045 472 ,

127 565 139 596 2
161 528 290 623 piadem
307 529 531 597 centesimam.
550 528 603 596 Sic
621 528 753 622 coronis
767 532 785 594 e'
801 526 938 595 floribus
958 528 1114 621 receptis,
1130 554 1146 623 p

80 656 83 662 “
159 659 238 704 mox
249 634 390 719 subiere,
405 659 479 727 quae
487 649 651 702 vocantur
660 633 854 729 AEgyptiae⁷,
865 657 904 702 ac
915 632 1034 700 deinde
1050 635 1146 702 hiber

159 765 264 835 quum
290 755 378 809 terra
403 740 501 809 flores
524 754 646 834 negat,
682 753 833 808 ramento
865 764 884 807 e
914 740 1072 810 cornibus
1099 743 1146 809 tin

99 864 105 879 ‘
161 845 386 942 paulatimque
405 860 438 915 et
455 848 572 914 Romae
594 845 761 938 subrepsit
775 843 967 939 appellatio,
992 845 1124 916 corollis
1143 874 1146 915 1

160 955 251 1021 initia
268 967 406 1048 propter
424 951 640 1047 gracilitatem
662 952 864 1020 nominatis:
886 977 964 1020 mox
983 967 1017 1020 et
1031 953 1146 1022 corolla

159 1075 336 1154 postquam
357 1083 375 1126 e
398 1056 519 1127 lamina
544 1082 630 1127 aerea
650 1057 740 1126 tenui
766 1059 916 1126 inaurata
941 1072 999 1126 aut
1024 1061 1146 1153 inargei

130 1229 133 1235 .
160 1165 335 1235 dabantur.

126 1345 137 1378 Ι
213 1276 273 1341 IV:
290 1262 372 1365 (111.)
387 1273 526 1340 Crassus
546 1271 658 1358 dives,
677 1273 804 1365 primus
826 1287 964 1366 argento
986 1295 1140 1365 auroque.

158 1380 316 1466 imitatus,
326 1377 410 1446 ludis
421 1378 489 1446 suis
505 1401 646 1446 coronas
659 1377 768 1465 dedit3
779 1392 1054 1472 accesseruntque
1070 1393 1103 1446 et
1116 1376 1147 1446 le

159 1489 205 1556 sci
220 1485 242 1571 ¹,
254 1510 338 1578 quos
358 1482 456 1577 adjici
479 1485 626 1577 ipsarum
650 1508 848 1553 coronarum
868 1485 976 1553 honos
997 1499 1068 1554 erat
1094 1510 1146 1579 pr(

158 1587 349 1674 Etruscas²,
363 1589 482 1683 quibus
497 1590 593 1684 jungi
609 1591 672 1659 nisi
691 1591 783 1658 aurei
800 1616 868 1659 non
885 1591 1061 1659 debebant.
1080 1594 1146 1658 Pur

160 1700 253 1767 fuere
267 1697 298 1764 ii.
320 1695 447 1766 Gaelare
462 1720 520 1764 eos
536 1697 662 1790 primus
676 1697 817 1765 instituit
833 1700 870 1766 Ρ.
887 1683 1064 1768 Claudius³
1078 1696 1146 1766 Pul

160 1787 396 1896 bracteasque3
419 1803 519 1870 etiam
533 1801 671 1897 philyra
684 1803 784 1872 dedit.

158 1959 253 2024 nectit,
267 1970 294 2012 et
307 1958 373 2012 texit
384 1976 505 2012 coronas.
519 1960 560 2012 De
575 1958 627 2011 hac
635 1959 675 2029 pi·
719 1959 807 2013 sciolae
829 1973 909 2024 sunt,
926 1960 1023 2030 quibus
1045 1959 1146 2013 temnis

159 2053 233 2093 ctura
245 2058 291 2092 seu
303 2039 392 2091 tabula
409 2035 514 2091 dicetur
525 2038 609 2091 fusius
621 2039 673 2092 loc.
719 2040 804 2111 possit
813 2040 957 2111 appellatio
970 2039 1069 2103 tribui,
1080 2042 1122 2092 des
1138 2061 1146 2091 r

159 2118 281 2191 proxime
292 2119 337 2171 cit.
350 2119 442 2171 Hann.
720 2120 780 2172 Non
800 2119 919 2184 coronis,
941 2116 986 2172 sed
1006 2133 1032 2172 ct
1052 2119 1146 2190 palmis

201 2219 227 2269 7.
239 2199 382 2268 AEgyptioe.
395 2198 436 2249 Ex
449 2195 538 2264 edera,
547 2198 676 2262 narcisso,
719 2199 828 2272 premia
839 2200 971 2253 Circensis
980 2199 1147 2265 victuriae,le1

160 2279 222 2332 mali
230 2278 336 2350 punica
347 2277 677 2349 floribua‚aliisque‚quas
719 2277 907 2332 addebantur:
921 2278 992 2331 unde
1006 2291 1126 2350 utraque
1140 2280 1146 2332 l

158 2358 303 2411 Athenaeus
316 2368 466 2415 enumerat,
481 2356 529 2409 lib.
542 2356 675 2427 XV,pag·
720 2371 797 2411 scatia
809 2355 897 2410 dicta.
911 2355 1003 2410 Hanc.

161 2442 217 2508 679
235 2457 274 2506 sq.
291 2436 382 2490 Hanc.
592 2499 595 2505 ,
763 2458 790 2490 a.
810 2437 915 2508 Propter
939 2438 1068 2490 Etruscas.
1089 2439 1144 2491 Ter

202 2519 230 2570 8.
243 2516 368 2569 Hibernae.
381 2515 481 2580 Quales
492 2533 566 2568 nunc
579 2515 677 2569 fiuntc
720 2535 788 2579 nus,
801 2515 835 2570 de
848 2517 911 2570 Cor.
922 2516 979 2570 mil.
991 2518 1114 2570 Etruscas
1125 2517 1143 2570 d

160 2596 251 2649 charta
270 2597 341 2666 picta
361 2608 440 2667 atque
460 2594 582 2660 concisa,
599 2595 678 2648 flores
721 2615 801 2660 auro,
813 2615 872 2668 quae
882 2598 910 2650 in
920 2596 1063 2667 triumphis
1070 2599 1145 2650 fcreb

160 2674 321 2746 multiplices
343 2687 559 2746 repraesentante·
584 2675 677 2727 Hann.
721 2674 862 2737 describit,
884 2677 993 2729 alteram
1017 2677 1129 2730 civicam

160 2762 201 2798 -’-
210 2756 299 2809 Immo
312 2767 338 2807 et
349 2773 382 2806 ex
391 2755 449 2807 lino
464 2755 581 2807 sericove
593 2755 678 2807 textili
721 2775 801 2820 nam,
816 2757 926 2809 alteram
942 2755 1079 2809 victricem
1094 2757 1146 2809 lam

161 2835 301 2905 pictoque;
316 2834 358 2887 rel
368 2852 400 2886 ex
409 2834 507 2888 lamina
516 2833 678 2897 tenuissima,
726 2862 737 2882 ι
749 2837 899 2896 Coronant,
911 2834 1015 2908 inquit,
1028 2849 1053 2888 et
1062 2837 1146 2906 publii

161 2934 242 2988 quam
255 2916 336 2984 vulgo
348 2927 445 2967 vocant
457 2913 564 2980 baleine,
575 2933 625 2985 pro
632 2916 678 2982 sa·
722 2914 798 2968 dines
813 2916 910 2968 laureis
928 2916 1042 2986 puhlicae
1064 2934 1146 2970 causa

163 3015 211 3047 uon
225 2995 255 3046 de
269 2994 371 3048 baleius.
385 2996 438 3046 En·
722 2995 845 3065 gistratus
866 3014 931 3048 vero
955 2996 1065 3065 insuper
1088 3014 1146 3049 aure

203 3075 252 3126 1v.
272 3093 296 3127 1.
319 3075 444 3126 Lemniscr'.
458 3074 573 3130 Festus:
599 3100 610 3121 ι
630 3074 678 3126 Le·
722 3075 833 3129 Athenis
858 3087 885 3126 et
913 3077 1016 3127 Romae.
1052 3075 1146 3128 Praefer

163 3153 258 3206 mnisci
274 3165 336 3205 sunt
351 3154 439 3206 fascia
453 3154 561 3206 coloriae
577 3151 678 3222 depen·
722 3156 801 3206 etiarn
809 3154 860 3206 illis
869 3156 996 3206 Etruscae·
1004 3154 1062 3206 Hoc
1076 3157 1146 3208 vocal

162 3232 257 3287 dentes
271 3250 302 3284 ex
314 3233 434 3297 coronis,
445 3231 520 3302 quod
529 3231 679 3303 antiquissi·
722 3247 760 3285 est
772 3251 933 3286 coronarum
942 3271 949 3299 ,
959 3251 1023 3302 quas
1037 3234 1146 3303 gemmis

163 3331 238 3365 mum
251 3311 303 3363 fuit
318 3329 402 3381 genus
415 3329 576 3364 coronarum
589 3311 678 3363 lanea·
719 3312 764 3365 liis
786 3332 817 3365 ex
837 3331 902 3365 auro
924 3313 1072 3382 quercinis,
1089 3315 1146 3365 oh.

162 3411 233 3445 rum.
241 3417 252 3438 ι
271 3390 421 3462 Hesychius
431 3409 439 3447 a
452 3382 619 3460 Δημνὶσκουξ,
630 3390 678 3452 τὰς
722 3392 837 3462 insignes
845 3391 880 3443 ad
890 3390 1058 3445 deducendas
1068 3405 1146 3445 tonsa.

163 3470 252 3532 στενὰς
271 3472 428 3542 Συρακούσιοι
443 3470 547 3530 ταινίας.
563 3470 677 3541 Capitol.
721 3472 843 3542 palmatis
863 3471 931 3542 togis
950 3485 1095 3524 sumunt.»
1121 3476 1144 3524 Α

163 3550 193 3602 in
207 3551 297 3613 Vero,
313 3569 372 3621 pag.
389 3550 425 3620 37
438 3571 445 3603 :
460 3575 471 3596 ι
481 3550 599 3603 Coronas
612 3550 678 3620 quin
722 3570 777 3603 sum
790 3551 963 3622 :sTriumplii
973 3552 1064 3604 laurea
1074 3552 1146 3605 foliis

164 3629 243 3682 etiam
257 3629 343 3694 datas,
354 3629 488 3682 lemniscis
499 3629 585 3682 aureis
596 3630 678 3682 iuter·
722 3643 782 3697 tur,
795 3630 851 3683 hac
864 3630 1040 3683 adumbratur
1051 3631 1146 3684 lemnia

163 3709 266 3780 positis,
276 3722 303 3761 et
313 3708 392 3762 alieni
400 3709 529 3780 temporis
536 3708 674 3762 floribus.»
722 3709 850 3763 inauratis
862 3711 1014 3773 laminulis,
1030 3725 1146 3780 unguent

163 3787 317 3858 Nempe'ad
332 3788 508 3842 imitationem
529 3790 678 3853 Veterum,
721 3789 913 3855 libuitur,etc.
927 3815 938 3836 n
963 3791 1066 3843 Danao.

164 3884 195 3920 ex
210 3869 286 3920 lauro
307 3867 433 3939 foliisque
453 3885 527 3920 nexa
550 3886 677 3922 coronae:
764 3870 791 3922 3.
803 3870 836 3922 Ρ.
853 3870 894 3923 ct.
907 3869 1023 3923 Pulcher.
1036 3871 1063 3922 Is
1073 3869 1120 3941 qui
1137 3889 1146 3923 <

164 3947 262 4018 quibus
274 3947 397 4000 lemnisci
413 3947 485 4001 aurei
508 3946 603 4002 additi.
622 3950 679 4001 An·
722 3949 805 4001 latum
817 3950 909 4002 Roma
918 3949 997 4019 gessit
1006 3967 1068 4001 ann.
1078 3950 1113 4012 U.
1126 3949 1146 4002 C

164 4026 277 4098 tiquitus
292 4045 324 4080 ex
333 4045 398 4082 auro
407 4066 415 4094 ,
424 4046 498 4082 nunc
514 4047 529 4082 e
542 4029 626 4085 serico
639 4029 679 4082 la·
724 4029 755 4082 L.
766 4029 862 4083 Porcio
873 4028 977 4083 Licinio
987 4027 1146 4100 collegam}
