2670 4830
206 352 264 435 llw
483 350 521 418 c.
548 350 719 419 putuit
743 349 851 418 uir.
878 350 1010 418 uisu.

206 467 297 552 οιοοῐο6
310 478 420 577 placet
437 483 529 571 loris
540 482 623 568 llos,
643 482 729 552 odor
744 482 854 551 abest:
876 481 962 580 sicut
974 495 1008 550 et
1017 478 1083 569 illi,
1099 483 1158 576 qui
1172 506 1283 578 graece

137 665 142 674 .
208 579 312 684 phlox
327 602 484 658 vocatur:
498 603 531 658 et
552 591 652 660 ramis
668 603 791 677 autem,
806 603 839 658 et
857 587 936 657 folio
953 588 1092 657 odorata
1112 603 1210 676 sunt,
1223 590 1278 658 'ex-

209 694 326 790 cepto⁷
354 694 506 789 serpyllo.
534 682 733 765 Helenium⁸
755 709 789 764 et
812 693 965 789 lacrymis
993 693 1129 765 Helenae
1162 695 1280 764 dicitur

210 816 348 887 natum,
366 814 401 869 et
420 802 494 870 ideo
513 802 547 869 in
566 801 692 871 Helene
714 799 821 870 insula
843 799 1112 870 laudatissimum.
1133 803 1196 871 Est
1222 825 1276 870 au-

213 922 281 976 tem
296 907 405 975 frutex
421 907 516 977 humi
537 931 572 976 se
590 932 750 1002 spargens
764 906 1014 977 dodrantalibus
1026 905 1182 997 ramulis,
1204 905 1277 977 folio

135 1021 142 1032 “
212 1010 310 1082 simili
329 1011 481 1107 serpyllo.
660 1089 665 1101 ⁴

178 1149 191 1183 1
259 1119 422 1189 XXXIV.
448 1121 659 1189 Abrotonum
677 1119 781 1188 odore
796 1118 944 1214 jucunde
963 1117 1074 1214 gravi¹
1097 1119 1206 1188 floret.
1224 1121 1279 1188 Est

212 1274 320 1340 recitat,
332 1293 412 1346 quam
422 1275 549 1346 leguntur
556 1273 628 1347 apud
637 1275 728 1329 Theo·
770 1275 820 1337 Vt,
834 1278 870 1327 6:
888 1280 943 1326 Τῶν
957 1270 988 1328 di
997 1274 1040 1327 καὶ
1052 1275 1074 1328 οἱ
1087 1281 1187 1341 νλῶνος,
1203 1274 1279 1328 καὶτὰ
1301 1331 1302 1334 ¹

212 1354 366 1427 phrastum.
380 1355 448 1406 Dat.
771 1355 857 1426 φύλλα,
864 1353 906 1406 καὶ
916 1353 975 1415 ὅλως
987 1356 1003 1412 ἡ
1013 1355 1162 1424 cisapini<
1173 1355 1279 1422 εὔοσμος·

254 1438 282 1500 ⁶.-
309 1433 397 1487 Colore
413 1444 581 1500 tantum,eto.
596 1432 729 1487 Nicander
771 1426 818 1486 οἷον
840 1435 976 1504 ἑρπύλλου,
996 1433 1101 1498 taeitos,
1133 1431 1282 1506 οισομΰςὶοο,

213 1514 242 1566 in
254 1513 408 1583 Georgicis:
424 1503 507 1584 ΙΙγὰρ
517 1512 729 1567 sollemniora·
771 1514 867 1566 litun.
877 1544 916 1554 -
933 1501 1057 1584 Ερπολλος
1072 1513 1211 1584 Theophr.
1228 1514 1278 1575 vl,

213 1588 296 1664 pidet,
312 1594 355 1645 καὶ
370 1586 463 1654 παιδὸς
479 1594 566 1664 ἔρωτες
585 1593 691 1646 Λουκοΐα
704 1585 729 1645 τ’
774 1611 800 1664 7,
812 1593 892 1645 nobis
908 1593 933 1644 T
930 1593 1147 1665 hymusmulgart's,
1160 1592 1213 1646 Eu.

214 1670 589 1745 &pamadmaliaapc'mcalupu
598 1674 730 1744 μὺωνΚρῖ·
814 1674 840 1726 8.
879 1672 1015 1734 Halmium.
1054 1673 1183 1725 Fabulam
1216 1669 1282 1743 apud

215 1772 265 1818 νον,
279 1752 411 1822 aleaume
432 1773 476 1816 τι,
497 1750 650 1824 σοοὺμὸριον,
664 1752 730 1804 ὅσσοι
766 1750 938 1823 Nicandrum
962 1753 990 1804 in
1015 1751 1152 1805 ‘lheriacis
1175 1751 1236 1805 vide
1259 1765 1283 1804 et

216 1852 244 1886 τι
265 1839 290 1900 χ’
307 1823 363 1896 cla,
375 1815 470 1903 honop'
488 1828 626 1904 ’ἰαμνοιὶοιοι
644 1832 729 1892 τόποις
772 1831 1113 1885 Phavoriuum.AElianu1n
1130 1830 1283 1904 quoque,si

217 1911 367 1981 ἀνοτρίψοιτο
379 1913 596 1980 λιιμὼνΚοὶλλοοι,
610 1913 729 1982 βοοφθολ-
772 1911 864 1974 lubet,
880 1909 942 1977 adi,
956 1911 1053 1964 Histor.
1069 1911 1159 1964 Anim.
1174 1913 1224 1977 IX,
1241 1929 1283 1965 οι.

217 1991 262 2061 μόν
280 2011 325 2055 τε,
347 1990 389 2044 καὶ
414 1987 503 2052 alaidi<
517 1993 570 2052 Διὸς
585 1992 664 2051 ἄνθος.
687 1991 731 2045 Sic
772 1990 915 2044 Helenium
945 1989 1018 2044 istud
1052 1991 1211 2062 AEgyptium
1235 2002 1284 2055 est,

124 2109 127 2115 -
217 2071 273 2123 fere
287 2071 443 2136 Petronius,
465 2099 476 2120 ι
492 2073 634 2124 Emicuere
647 2089 730 2136 roste,
773 2071 833 2123 orbi
857 2072 923 2124 huic
940 2083 1032 2124 nostro
1053 2070 1235 2142 incognitum,
1254 2068 1286 2122 de

218 2150 349 2221 violaeque
363 2164 389 2212 et
399 2152 480 2205 molle
488 2150 731 2222 cyperum,Alha·
772 2169 827 2221 quo
844 2150 937 2204 eadem
962 2151 1017 2203 fere
1037 2151 1126 2203 Diosc.
1151 2151 1180 2215 Ι,
1198 2153 1285 2216 28,ex

217 2228 309 2301 quode
321 2229 402 2283 viridi
419 2231 535 2284 riserunt
546 2231 603 2284 lilia
614 2241 702 2300 prato.
716 2255 727 2277 ι
774 2231 887 2284 Cratera
912 2230 1012 2284 recitat.
1040 2231 1073 2281 Iu
1098 2230 1286 2302 Etymologioo

218 2311 287 2363 Dan.
303 2339 343 2352 -
358 2310 454 2364 Colore.
473 2309 612 2382 Theophr.
631 2309 731 2363 Histor.
774 2309 944 2363 Phavoriui:
971 2300 1091 2373 ΙΙλένοιον,
1113 2311 1241 2375 βοτάνηὴ
1264 2311 1286 2362 ἂν

219 2389 268 2448 Vl,
283 2391 319 2443 6:
332 2375 446 2460 hacope,
464 2390 546 2462 ὥσπερ
569 2391 622 2449 Διὸς
643 2389 733 2453 ἄνθος,
775 2381 941 2460 Ᾰλοξονὸροίᾳ
949 2391 1079 2461 γινομένη,
1094 2389 1198 2460 εἴρηται,
1216 2390 1288 2443 ὅτοΙοι

220 2469 287 2538 φλόξ.
309 2468 390 2522 Bovis
409 2468 522 2534 florem,
547 2468 635 2541 iuquit
653 2469 734 2521 Ruel·
775 2476 823 2521 τῶν
838 2465 951 2540 δακρῦον
966 2474 1010 2530 τῆς
1024 2459 1112 2529 natvm
1129 2470 1229 2540 ἀνοφὺο·
1248 2469 1287 2521 ὅτε

218 2547 287 2612 lius,
296 2565 355 2618 pag.
373 2550 440 2612 448,
453 2568 515 2601 rura
529 2563 634 2613 nostra,
647 2568 733 2620 coque·
776 2549 817 2602 ἐπὶ
832 2546 947 2620 Κονώῧῳ
962 2557 997 2622 τῷ
1015 2545 1150 2618 κυὸιρνήτῃ
1164 2550 1288 2608 Μενέλαος

220 2627 304 2679 lourde
317 2627 466 2680 nominant.
489 2629 586 2699 Φλόγοο,
608 2628 664 2680 sive
677 2629 734 2699 φλό-
777 2625 910 2700 Ιδᾶκρυοον
941 2630 988 2682 ὐπὸ
1013 2625 1172 2700 αἱμοῤῥοΐιλων
1200 2629 1290 2681 aaut„

220 2726 284 2777 γιον,
298 2725 344 2760 seu
357 2706 522 2773 flammeam,
535 2727 585 2760 uos
600 2708 678 2761 violae
692 2707 734 2759 iu·
776 2708 918 2762 νόντο.Ηοο
927 2721 953 2762 et
963 2708 1101 2762 nectarion
1114 2708 1290 2779 appellavere,

220 2784 312 2840 odorra
333 2806 417 2858 genus
442 2805 498 2840 esse
522 2806 629 2846 remur,
654 2805 735 2859 quam
777 2789 815 2842 ob
828 2788 984 2841 suavitatem
1004 2788 1091 2853 succi,
1108 2805 1188 2858 quam
1201 2786 1307 2840 dotem*

223 2867 320 2938 vulgus
336 2867 461 2938 gallicum
476 2886 617 2938 peuseam,
633 2871 734 2940 pemseia,
777 2867 881 2923 Plinius
896 2865 1084 2921 animadvertit
1095 2867 1223 2933 inferius,
1234 2885 1290 2938 cap.

222 2959 312 3019 vocat,
334 2947 495 3018 suffragante
517 2948 593 3001 nobis
614 2947 736 3012 Ruellio,
780 2966 827 3017 91.
842 2946 913 3000 Hinc
922 2947 1062 3000 nectarites
1071 2947 1181 3012 vinum,
1198 2945 1291 3019 dequo

220 3045 280 3099 pag.
298 3032 363 3094 449,
379 3039 405 3080 et
421 3026 572 3092 Dodonaeo,
583 3047 613 3099 p.
631 3026 704 3092 358,
720 3045 736 3080 a
778 3028 830 3092 IV,
842 3045 885 3096 ¹9·
900 3028 990 3081 titan.
1000 3027 1186 3080 -Heleniom
1199 3012 1291 3080 Ιῑλίνιον

222 3125 277 3177 quo
290 3107 361 3159 viola
374 3107 483 3160 tricolor
494 3125 632 3178 assurgens
640 3108 734 3179 appel·
779 3107 917 3178 Theophr.
937 3106 1006 3159 Hist.
1021 3107 1076 3171 vt,
1092 3110 1126 3172 63
1147 3107 1235 3159 Ιλίνιον
1248 3107 1292 3158 At-

221 3185 300 3238 latur.
310 3186 401 3238 Htan.
414 3219 453 3228 -
465 3187 525 3238 Flos
535 3187 633 3240 Jovts...
647 3187 733 3256 phlox.
778 3188 881 3257 γύπτιον
898 3186 1019 3239 Diosoo'r.
1030 3187 1061 3251 1,
1077 3188 1124 3251 28,
1137 3185 1292 3257 Sprengelio

222 3266 284 3318 Nou
298 3264 422 3318 Artemone
435 3265 570 3318 Pulsatilla
590 3265 735 3329 Acisalitae,
779 3262 949 3319 videturesse
962 3267 1088 3318 Teucriam
1099 3269 1211 3318 cauticum
1219 3259 1293 3336 (Did.

161 3334 163 3343 ’
222 3362 312 3417 neque
326 3344 384 3414 φλόξ
398 3345 473 3396 Viola
487 3346 593 3398 tricolor.
611 3345 673 3397 Flos
687 3345 736 3396 Jo·
778 3346 903 3416 gymnosp.
920 3364 979 3416 gen.
998 3347 1072 3417 1375
1097 3347 1169 3399 Pers.
1194 3345 1291 3398 Lubias.

222 3424 263 3475 vis
279 3437 366 3478 servat
381 3423 515 3496 hodieque
535 3442 634 3478 nomeu
651 3425 736 3493 Agro-
779 3421 872 3490 iuss).
895 3425 975 3480 Conf.
996 3425 1059 3479 infr.
1077 3443 1137 3497 cap.
1160 3443 1188 3494 9,
1211 3437 1238 3478 et
1257 3423 1293 3477 ihi

222 3514 320 3556 stemma
339 3506 393 3576 flos
415 3503 500 3567 Ιοοὶος
526 3504 628 3575 phlox,
655 3505 736 3572 λύχνος
780 3515 838 3558 not.
856 3505 906 3558 En.

223 3583 314 3636 Diosc.
328 3585 439 3650 111,14‚
453 3582 609 3655 Spreugelio
618 3595 736 3648 auctore,
821 3585 950 3638 XXXIV.
965 3605 989 3638 r.
1000 3585 1153 3638 Abrotonum
1168 3585 1242 3637 odom
1251 3585 1294 3654 ju·

225 3663 338 3732 estAgr.
353 3667 480 3717 coronaria
493 3659 503 3725 (
514 3663 624 3716 Decand.
631 3675 732 3733 [νοητῆς.
780 3664 857 3716 cunda
867 3669 947 3734 gravi.
964 3657 1110 3736 Ᾰὸρότονον.
1130 3664 1201 3717 Galli
1223 3680 1296 3717 nuuc

224 3733 735 3813 gen.1145Pers.Caryoplr.Juss.).En.
784 3757 893 3812 vocant,
920 3745 1029 3797 Latinos
1054 3743 1164 3809 imitati,
1188 3763 1297 3796 aurona:

265 3842 292 3892 7.
324 3823 444 3893 Excepto.
474 3823 627 3895 serpyllum
648 3836 737 3876 tamen
779 3824 864 3896 aliqui
877 3824 1029 3877 vestiarium
1043 3822 1298 3894 custodemgarde·

224 3900 440 3972 Theophrastus,
450 3916 479 3956 ut
489 3916 597 3969 caetera,
611 3915 636 3956 d
647 3902 737 3967 ramis,
780 3903 845 3969 robe,
853 3902 927 3975 quod
940 3903 1061 3958 armariis
1073 3923 1195 3974 sparsum
1213 3916 1299 3957 vestes

224 3995 250 4034 et
262 3981 327 4034 folio
338 4000 394 4036 esse
406 3981 548 4036 odoratum
560 3982 736 4048 srribifflist.
780 3983 889 4037 atiueis
912 3982 1038 4037 vindicet.
1064 3987 1086 4036 Α
1107 3984 1221 4037 Lohelio
1239 3984 1301 4054 pin·
