2670 4830
153 375 154 378 ’
218 397 261 440 10
312 398 314 402 ’
482 377 520 443 C.
548 379 720 448 PLINII
749 377 858 446 NAT.
885 374 1036 457 HIST„

203 490 391 573 'Saliorum⁶
409 507 509 576 sacris
529 509 732 595 invenimus,
754 522 789 577 et
808 505 971 577 solemnes
990 506 1100 573 coenis.
1114 507 1290 576 Transiere

211 610 330 679 deinde
348 612 390 680 ad
409 614 573 698 rosaria⁷;
588 640 695 709 eoque
714 615 843 683 luxuria
864 611 1041 708 processit,
1059 626 1097 679 ut
1117 637 1186 680 non
1202 629 1288 682 esset

211 720 317 810 gratia
333 719 396 786 nisi
411 745 503 789 mero
519 708 617 789 ῐοΙίο8
630 747 636 789 :
651 721 804 790 sutilibus
820 745 898 791 mox
913 718 1024 814 petitis
1043 717 1084 785 ab
1097 717 1212 804 India,
1229 735 1288 788 ant

211 821 299 891 ultra
311 824 425 894 Indos.
438 828 674 896 Lautissimum
690 829 813 922 quippe
830 827 975 894 habetur
988 849 1005 892 e
1025 823 1120 892 nardi
1136 823 1216 893 folio
1231 850 1287 894 eas

212 929 295 1016 dari,
303 946 362 999 aut
371 946 462 1000 veste
474 936 578 1002 serica
589 932 806 1003 versicolores
818 934 995 1026 unguentis
1011 930 1169 1015 madidas.
1185 935 1288 1001 Hunc

211 1036 314 1104 habet
332 1039 509 1107 novissime
523 1042 648 1108 exitum
662 1041 791 1109 luxuria
806 1025 1016 1108 feminarum.

180 1171 190 1202 ι
265 1145 325 1211 ΙΧ.
346 1146 391 1212 Et
410 1146 500 1239 apud
516 1149 652 1217 Graecos
669 1148 803 1240 quidem
824 1146 866 1214 de
884 1146 1015 1215 coronis
1030 1145 1187 1238 privatim
1206 1145 1288 1212 s'cri·

209 1273 305 1343 psere
318 1251 525 1322 Mnesitheus
537 1268 636 1347 atque
652 1252 876 1322 Callimachus
891 1252 1031 1338 medici,
1043 1275 1115 1344 quae
1125 1265 1289 1319 nocerent

210 1354 329 1450 capiti¹
347 1359 524 1450 :quoniam
542 1354 575 1428 et
593 1362 628 1428 in
641 1361 707 1429 hoc
722 1375 771 1429 est
788 1359 896 1453 aliqua
908 1357 1106 1426 valetudinis
1120 1358 1288 1449 porti0‚in

208 1477 291 1556 potu
309 1477 409 1557 atque
424 1463 602 1535 hilaritate²
620 1468 787 1562 praecipue
808 1466 950 1535 odorum
970 1464 1003 1531 vi
1018 1477 1212 1556 surrepente
1225 1462 1288 1532 fal·

209 1566 334 1657 laciter,
353 1568 512 1639 scelerata
527 1571 715 1668 Cleopatrae
735 1571 879 1643 solertia.
895 1571 1050 1664 Namque
1065 1572 1099 1638 in
1121 1584 1288 1665 apparatu

208 1672 287 1742 belli
297 1677 422 1744 Actiaci
432 1678 707 1770 gratificationem
724 1681 826 1775 ipsius
840 1680 963 1774 reginae
973 1677 1121 1745 Antonio
1134 1678 1287 1762 timente,

208 1805 270 1849 nec
295 1783 357 1851 nisi
376 1799 596 1878 praegustatos
616 1787 707 1857 cibos
731 1800 904 1866 sumente,
922 1784 1028 1853 fertur
1043 1768 1189 1878 pavore³
1213 1783 1288 1877 ejus

211 2018 277 2082 158,
289 2033 315 2071 et
329 2019 470 2089 hyacinthos
479 2024 561 2075 sutiles
572 2024 600 2075 in
612 2024 722 2076 Hamas·
767 2023 864 2074 Foliam
877 2020 1002 2074 Indicum
1020 2020 1216 2073 intellexerunt.
1232 2021 1286 2073 En.

166 2108 168 2116 “
207 2097 446 2173 tigenia,v.1268.
462 2103 555 2159 Hann.
808 2104 856 2155 IX.
878 2120 901 2154 1.
919 2104 983 2171 Quae
995 2110 1108 2152 nocerent
1124 2103 1209 2169 capiti.
1224 2100 1288 2152 Ari·

248 2181 274 2231 6.
289 2177 421 2232 Saliorum.
436 2181 498 2233 Salii
512 2181 659 2236 sacerdotes
667 2186 720 2236 Ro·
767 2195 828 2236 stot.
851 2186 874 2236 ἐν
895 2185 946 2241 τοῖς
971 2183 1077 2250 φυσικοῖς
1098 2177 1286 2250 προέλήμασιν,

207 2275 257 2308 mae
280 2258 370 2323 fuere,
384 2279 399 2312 a
413 2259 532 2314 saliendo
553 2262 634 2327 dicti,
647 2262 721 2334 quod
766 2263 856 2332 inquit
873 2262 971 2313 Athen.
990 2260 1054 2324 XV,
1070 2278 1129 2328 pag.
1145 2262 1215 2326 692,
1233 2260 1286 2312 hoc

205 2355 271 2407 vage
287 2357 336 2407 per
352 2340 447 2392 urbem
463 2343 621 2395 cursitantes
643 2342 721 2395 salire
765 2343 874 2414 quaerit,
888 2359 936 2393 cur
947 2339 1031 2410 magis
1044 2351 1183 2391 canescant
1195 2338 1286 2390 homi·

125 2438 127 2445 ,
206 2417 287 2469 soliti.
301 2420 390 2470 Varro
401 2419 435 2471 de
449 2421 526 2490 Ling.
538 2422 596 2473 Lat.
611 2448 622 2470 ι
632 2422 721 2474 Saliia
765 2440 828 2485 nes,
843 2421 889 2493 qui
907 2430 1045 2490 unguento
1058 2417 1143 2487 magis
1158 2432 1240 2487 caput
1251 2418 1285 2470 il-

206 2496 420 2570 saltaud0,quod
432 2499 518 2552 facere
529 2500 557 2551 in
570 2501 681 2554 comitio
691 2502 720 2553 in
764 2501 869 2566 linunt,
890 2516 1034 2569 causasque
1057 2498 1159 2566 aliquas
1183 2499 1262 2551 affert
1276 2538 1284 2563 ,

206 2575 297 2641 saeris,
313 2579 456 2648 quotannis
475 2593 500 2632 et
521 2581 622 2644 solent,
638 2580 722 2635 etde·
765 2600 824 2651 quae
839 2581 867 2632 in
887 2579 1089 2632 Problematum
1109 2577 1180 2629 libro
1201 2576 1288 2631 hodie

205 2656 280 2709 bent.
294 2682 305 2703 n
325 2656 393 2709 Inde
414 2659 518 2712 saliares
542 2661 648 2732 epulae,
670 2679 721 2731 pro
764 2679 821 2713 nou
838 2659 1081 2732 leguntumHsnn.

205 2736 283 2788 lautis
299 2748 327 2789 et
343 2737 475 2808 opiparis,
492 2739 553 2809 quia
568 2740 632 2793 tales
646 2752 722 2794 erant
808 2759 832 2792 a.
858 2742 894 2791 'In
916 2750 979 2808 potu
1000 2750 1072 2808 atque
1093 2738 1228 2789 hilaritate.
1250 2739 1285 2790 In

205 2817 347 2870 Saliorum.
358 2815 430 2870 Vide
444 2819 561 2871 Festum.
574 2821 666 2872 Hsan.
766 2820 853 2890 epulis
869 2829 1009 2872 coronatos
1024 2817 1179 2870 accubuisse
1193 2829 1284 2870 osten·

247 2898 721 2967 7.Ilosaria.Coronasscilicetesolis
766 2898 835 2952 dunt
863 2898 1053 2969 Aristophanes
1075 2896 1102 2949 in
1123 2896 1285 2967 Equitibus,

208 2977 284 3029 rosis.
301 2979 406 3031 Denso.
667 2992 669 3008 '
709 3003 712 3011 ¹
765 2978 892 3032 Plautia
907 2976 1004 3032 Pseud.
1019 2974 1101 3029 Ovid.
1120 2977 1190 3030 Fast.
1208 2976 1281 3047 337:

247 3058 273 3110 8.
284 3059 341 3110 Nisi
348 3077 412 3109 mero
413 3057 489 3124 folia.
497 3061 628 3111 Rosarum
639 3059 720 3121 foliis,
765 3081 776 3103 s
792 3058 901 3116 Ebrius,
915 3057 1037 3111 incinctis
1050 3056 1158 3128 philyra
1167 3056 1282 3111 conviva

205 3137 327 3206 equibus
337 3137 427 3189 sutiles
434 3156 647 3209 coronaerquum
656 3141 721 3191 anti·
763 3139 883 3210 capillis,
897 3138 992 3200 Saltat,
1006 3149 1033 3188 et
1053 3135 1212 3206 imprudens
1227 3137 1281 3189 uti·

204 3216 295 3286 quitus
303 3228 364 3268 totae
373 3216 568 3269 rosaesutitibus
578 3219 721 3270 insererer·
764 3230 808 3270 tur
820 3230 875 3269 arte
891 3216 965 3269 meri.
978 3241 989 3262 ι
1004 3216 1083 3269 Conf.
1096 3215 1281 3285 Rhodiginus‚

205 3307 258 3350 tur.
266 3294 318 3348 Sed
332 3314 364 3348 eo
378 3295 487 3347 tandem
497 3296 603 3349 luxuria
614 3315 721 3367 proces·
763 3297 809 3349 lib.
832 3296 958 3360 XXVII,
976 3314 1033 3365 cap.
1054 3300 1088 3348 26
1111 3309 1137 3348 et
1163 3301 1207 3348 28.
1220 3297 1281 3349 Huc

204 3374 290 3439 sit,ut
299 3374 414 3427 fastidita
427 3374 509 3445 gratia
517 3375 591 3428 floris
598 3377 721 3448 pulcher·
763 3387 864 3448 spectat
879 3376 989 3446 quaestio
1008 3374 1080 3444 apud
1095 3375 1233 3428 Plutarch.
1251 3376 1280 3428 in

202 3453 345 3526 rimi‚ejus
356 3467 459 3507 tantum
467 3454 531 3506 folia
542 3468 644 3509 retenta
656 3456 719 3521 sint,
763 3457 888 3528 Sympos.
904 3456 926 3512 Ι,
941 3456 956 3508 3
973 3473 980 3507 :
995 3473 1027 3506 an
1039 3455 1110 3507 inter
1124 3453 1221 3525 pocula
1236 3473 1281 3508 co·

160 3534 161 3537 ’
202 3551 261 3602 quae
282 3547 311 3586 nt
324 3535 373 3586 alia
394 3535 452 3588 aliis
464 3534 546 3587 veluti
561 3537 718 3607 squamatim
762 3537 836 3589 ronis
851 3548 879 3588 et
894 3535 969 3587 sertis
991 3533 1123 3587 utendum
1145 3534 1189 3586 sit.
1210 3536 1280 3588 Dan.

202 3613 390 3680 insererentur,
400 3616 506 3667 inventa
515 3627 554 3667 est
568 3614 718 3669 condituras
763 3614 936 3666 -Scelerata
949 3615 1086 3685 Cleopatrae
1097 3615 1204 3666 solertia.
1220 3614 1281 3679 Qua

201 3692 290 3757 ratio·,
311 3711 362 3762 qua
384 3696 431 3751 sic,
447 3687 667 3759 macerarentur,
687 3710 717 3750 ut
761 3693 879 3748 odorum
893 3695 920 3746 vi
934 3694 1044 3747 solerter
1057 3713 1088 3748 ao
1103 3694 1229 3747 scelerate
1241 3694 1280 3746 uti

201 3790 294 3824 manus
303 3772 453 3839 artificis,et
466 3782 609 3844 puncturas
618 3776 715 3845 quibus
760 3775 838 3828 novit
849 3776 1000 3845 Cleopatra.
1012 3776 1064 3826 En.

200 3864 384 3914 necterentur,
406 3853 462 3922 pati
482 3867 599 3924 possent.
622 3853 717 3906 Tradit
805 3856 832 3906 3.
849 3856 940 3907 Fertur
953 3874 1043 3924 parare
1058 3857 1109 3924 ejus
1129 3854 1221 3906 lusisse.
1236 3852 1279 3905 Sic

201 3949 259 3983 eam
267 3933 398 3985 rationem
410 3932 485 4002 Apic.
496 3934 530 3987 de
542 3937 581 3986 Re
592 3935 651 3987 Cul.
660 3954 683 3988 c.
696 3953 717 3988 1.
763 3933 871 4002 quidem
883 3937 945 3987 Vet.
956 3933 1002 3986 sed
1015 3935 1102 4005 placet
1116 3933 1197 4002 magis
1207 3933 1277 4005 lega·

201 4010 360 4066 H.-Folio.
375 4014 513 4067 hosarum.
527 4015 598 4068 Male
609 4013 717 4085 quidam
764 4025 818 4082 tur,
830 4017 917 4084 pauori
927 4016 977 4084 ejas
989 4014 1097 4067 illusisse.
1108 4015 1177 4067 Du..
