2670 4830
403 367 557 436 mann
591 366 701 437 xxi.
1041 327 1141 469 αι’

120 495 201 565 niul
220 521 323 591 aeque.
346 496 502 566 Probatio
524 499 662 580 sinceri,
677 499 704 568 si
719 497 873 592 imposita
893 521 996 566 manu
1014 522 1089 568 cre·
1189 498 1191 505 ’

108 601 211 671 veluti
236 602 397 697 fragile¹¹.
424 604 608 673 Humidum
628 604 735 691 enim,
753 603 843 698 quod
865 605 975 673 evenit
995 602 1088 673 adul·

104 710 195 797 ione,
215 710 311 779 cedit.
328 710 441 778 Altera
456 711 630 805 probatio:
651 712 677 779 si
692 734 793 778 manu
810 710 941 804 prolata
962 711 1006 779 ad
1027 734 1086 779 ora
1105 746 1121 778 ι

103 840 134 883 er
154 815 271 884 faciem
286 815 467 910 oculosque
480 816 641 886 mordeat.
665 818 726 884 Est
741 841 801 910 per
817 841 851 884 se
870 839 973 912 genus
991 819 1090 886 sativi

103 921 268 991 lissimum
286 921 402 1016 vulgo,
419 948 522 1017 quum
544 924 584 992 sit
604 919 816 1010 mediocre¹²‚
832 922 1005 992 dialeucon
1021 948 1088 992 vo-

121 1030 248 1096 Contra
267 1030 452 1122 Cyrenaico
472 1031 590 1098 vitium
602 1029 717 1123 ,quod
733 1029 826 1097 omni
844 1053 944 1097 croco
962 1031 1088 1125 nigrius

107 1147 141 1203 et
170 1132 341 1203 celerrime
367 1137 550 1205 marcescit.
571 1137 745 1265 Optimum
773 1135 974 1228 ubicumque
998 1135 1089 1229 quod

103 1239 287 1328 ausimum,
305 1255 339 1310 et
356 1241 465 1310 brevis
488 1226 629 1337 capilli¹³
645 1243 852 1336 :pessimum
875 1266 955 1309 vero
966 1241 1090 1336 ,quod

103 1334 264 1414 trodolet
275 1295 451 1416 Mucianus
469 1363 585 1418 auctor
599 1362 663 1432 est,
674 1349 709 1415 in
728 1349 929 1485 Lyciaanno
948 1349 1089 1441 septimo

103 1466 219 1520 octavo
235 1452 436 1522 transferri
427 1479 460 1520 ιιι
480 1453 591 1524 locum
613 1440 824 1522 subactum¹
825 1469 955 1547 ,atque
970 1453 1015 1522 ita
1032 1453 1089 1522 de·

102 1583 350 1628 ransrenovan.
334 1546 482 1630 '¹⁵Usus
492 1586 563 1655 ejus
572 1584 607 1628 m
616 1585 750 1629 coroms
760 1584 935 1653 nusquam
949 1545 1088 1628 Herba¹⁶

103 1767 182 1822 idere.
195 1771 297 1823 Vocem
312 1772 535 1843 Phlegroeaagno·
577 1771 647 1823 Cave
671 1769 716 1823 hic
740 1769 858 1822 Plinium
881 1788 912 1822 ex
933 1769 1090 1823 Dioscoride

103 1892 105 1900 .
121 1849 211 1901 Plinio
225 1850 383 1904 Hermolaus
396 1854 425 1903 in
438 1853 534 1904 Corol·
574 1851 704 1920 corrigas,
726 1848 800 1920 quod
820 1850 963 1903 Turnebus
978 1851 1091 1905 tentavit

116 1928 290 2002 Dioscoridis.
323 1932 355 1982 In
387 1932 533 2003 archetypo
574 1929 634 1982 Adv
660 1929 741 1991 XVI,
756 1933 800 1983 16.
818 1926 907 1980 llsnn.

103 2020 210 2060 nostro
221 2028 276 2063 non
289 2011 419 2080 Plrlegroeo
427 2012 534 2081 legitur,
618 2028 661 2062 ro.
674 2009 847 2061 Adulteratur.
859 2006 931 2060 Vide
945 2008 1039 2064 Galen.
1053 2009 1088 2065 de

103 2088 341 2158 'eruenLegendum
350 2104 416 2161 puto
426 2091 531 2160 AEgaea,
573 2086 666 2142 antid.
679 2089 703 2153 I,
722 2094 765 2150 id.
781 2089 873 2140 Hsan.

103 2167 155 2238 gis,
166 2171 271 2221 AEtoliae
282 2170 363 2223 urbe:
376 2190 408 2223 ex
422 2172 532 2224 Diosco·
617 2187 662 2221 11.
673 2169 757 2219 Veluti
760 2168 862 2236 fragile.
871 2167 964 2232 Quum
971 2167 1086 2221 inaruit:

103 2247 172 2299 libro
184 2249 283 2318 primo,
295 2250 342 2320 qui
355 2251 472 2320 primam
485 2252 532 2303 bo·
573 2249 610 2300 sic
621 2245 774 2300 Dioscorid.
789 2266 820 2299 ex
834 2247 937 2316 optima
951 2246 993 2298 ed.
1007 2246 1087 2312 aldi,

103 2345 128 2379 m
154 2328 249 2381 tribuit
272 2348 352 2382 croco
378 2330 497 2400 Corycio
523 2348 530 2384 ε
572 2329 656 2399 κρόκος
668 2328 782 2398 εὔθραςος
794 2325 1087 2395 laudaturtimproba·

103 2405 161 2458 dam
180 2408 279 2478 Lycio:
301 2410 404 2462 tertiam
419 2411 444 2462 ei
458 2410 531 2480 quod
572 2419 617 2461 tur
632 2409 751 2478 ἱκμάζῳν,
767 2405 901 2459 humidus.
913 2404 1005 2458 Huni).

106 2487 190 2555 AEgis,
198 2489 266 2539 urbe
277 2489 389 2542 AEtolia.
404 2491 493 2556 Quare
502 2491 531 2542 in
615 2506 660 2541 ra.
675 2489 756 2556 (Juum
771 2490 804 2538 sit
817 2486 941 2538 mediocre.
953 2487 993 2537 Ita
1006 2485 1083 2540 MSS.

103 2592 105 2607 υ
123 2566 214 2618 malim
232 2568 330 2638 legere,
348 2573 441 2621 tertium
453 2569 531 2621 lacum
572 2585 665 2619 omnes
679 2569 760 2637 Regg.
775 2586 802 2633 ι,
817 2565 1082 2630 2,Thuuni,ctalii:

104 2663 200 2716 ,quam
209 2647 346 2700 secuudum.
357 2649 530 2702 Hermolaum
570 2666 640 2711 non,
663 2659 694 2699 ut
715 2645 779 2699 editi
802 2646 927 2699 hacteuus
944 2663 950 2697 :
968 2650 1085 2715 quamsit
1188 2706 1190 2711 .

103 2747 106 2776 ι
121 2722 259 2795 'profiteor
272 2745 315 2779 me
326 2727 466 2796 demirari,
483 2729 530 2798 qui
570 2726 649 2778 media
659 2725 796 2779 candidum.
808 2726 881 2791 Quin
893 2726 970 2778 edam
981 2724 1009 2776 in
1023 2727 1055 2779 R.
1068 2745 1080 2778 1

103 2804 217 2857 scoridis
222 2806 371 2875 tralatione,
378 2809 408 2860 ab
413 2808 530 2879 AEgybus
571 2805 632 2859 cod.
639 2806 757 2869 dlleaean,
764 2819 791 2858 et
802 2805 829 2856 in
839 2805 916 2858 Colb.
932 2804 947 2855 3
958 2804 1084 2856 dialeucon

103 2884 196 2937 Etalioe
206 2886 320 2951 scribat,
341 2905 403 2939 cum
415 2909 437 2960 y
447 2889 475 2942 in
489 2908 529 2942 se.
569 2885 676 2956 legitur,
688 2885 757 2942 forte
770 2904 821 2956 pro
836 2885 962 2938 Deliacon.
977 2884 1070 2937 Ηιιιυ.

103 3002 120 3029 ,,
131 2978 158 3017 et
168 2965 245 3018 tertia
256 2965 415 3033 inflexione,
427 2988 482 3021 non
498 2970 529 3020 ab
614 2965 658 3017 13.
675 2964 760 3016 Brevis
774 2964 866 3033 capilli.
888 2963 932 3015 Sic
950 2981 983 3014 ex
1004 2963 1081 3016 MSS.

103 3083 105 3103 ‚
119 3056 150 3096 ut
163 3046 261 3097 rectius
273 3049 403 3100 convertit
415 3049 529 3101 Marcel·
569 3043 676 3096 emend.
690 3042 773 3095 Hard.
788 3061 861 3095 cons.
872 3041 963 3095 Chilfl.
976 3041 1083 3096 breuibus
1179 3082 1181 3087 .

103 3125 243 3194 praesertim
266 3142 349 3195 quum
372 3141 474 3180 constet
496 3147 529 3180 ex
570 3123 760 3193 capillisGron.
771 3135 797 3175 et
811 3123 852 3175 Al.
868 3123 920 3176 En.

103 3220 153 3254 ano
168 3215 195 3255 et
205 3204 262 3256 aliis
272 3208 351 3275 AEgas
362 3208 441 3275 primi
458 3206 530 3259 ordi·
613 3213 659 3268 1¹5·
672 3204 811 3271 Transferri
824 3207 849 3254 in
861 3202 937 3254 lacum
949 3202 1081 3256 subactum.

103 3282 206 3334 AEtoliae
231 3302 287 3336 csse
314 3286 423 3350 urbem
447 3290 529 3358 AEgys
570 3283 610 3335 Ita
626 3283 657 3336 lit
677 3295 702 3336 et
715 3283 743 3335 in
758 3283 845 3336 Gallia
859 3282 964 3353 passim.
979 3282 1084 3334 Nullibi

103 3385 105 3412 ι
120 3361 202 3427 tertii,
212 3382 267 3415 nou
277 3362 399 3431 AEtoliae‚
417 3364 462 3418 sed
477 3367 529 3419 La·
568 3363 687 3433 vegetius
706 3375 759 3427 est,
781 3381 862 3434 quam
885 3361 912 3414 in
930 3361 1081 3432 Agennensi

103 3440 211 3494 .P1ur.
229 3475 270 3485 -
288 3444 376 3514 Aliqui
391 3446 528 3516 Phlegraeo.
569 3460 633 3511 agro
667 3454 693 3494 et
731 3441 898 3495 Narbonensi
934 3441 1082 3510 provincia.

103 3539 145 3586 ra,
156 3521 286 3592 oppidum
300 3523 463 3579 Macedonia
473 3545 529 3579 ma·
571 3522 664 3575 Hann.
678 3554 719 3564 —
736 3521 905 3576 Nostratibus
921 3521 1083 3589 departemeu

103 3619 147 3652 tm.
167 3602 317 3672 Phlegraeus
335 3623 397 3674 ager
415 3606 529 3676 Campa.
570 3602 600 3652 de
615 3601 719 3664 l’Aurle,
738 3615 764 3654 et
775 3603 824 3652 Lol
836 3612 860 3651 el
868 3597 995 3653 Gammae.
1010 3601 1062 3654 ΕΙ).

108 3680 165 3733 sive
192 3682 377 3747 Laboriensis,
410 3686 529 3738 Puteolis
578 3746 580 3755 Ι
615 3680 659 3734 15.
683 3680 753 3733 Hau
776 3681 832 3733 Nisi
848 3679 876 3731 in
894 3680 1026 3732 conviviis
1049 3679 1084 3733 ad

103 3778 134 3825 s,
147 3761 325 3814 fertilissimus
335 3763 433 3832 panici,
444 3765 529 3831 farris,
569 3758 711 3812 arcendam
736 3760 906 3825 ebrietatem,
926 3771 957 3812 ut
980 3758 1085 3814 dicetur

103 3858 146 3892 rm.
164 3841 209 3891 Ex'
225 3841 258 3892 iis
278 3839 384 3895 duobus
404 3844 470 3897 locis
486 3845 530 3897 vel
571 3857 630 3910 cap.
650 3842 698 3894 81.
714 3839 803 3893 Haun.

103 3931 142 3972 tro
165 3920 298 3988 fortassis,
315 3940 409 3977 crocus
431 3923 529 3978 nobilis
617 3920 661 3971 16.
679 3919 773 3970 Herba·
795 3915 859 3971 Hac
873 3917 986 3972 totidem
996 3912 1086 3973 verbis

103 3999 190 4053 telleua
211 3999 281 4076 fuir.
292 4003 362 4057 Dan.
376 4035 415 4049 -·
432 4004 527 4076 Aliqui.
574 3997 716 4070 Theopbr.
727 3999 795 4055 Hiar.
811 3999 863 4066 vl,
878 4003 905 4054 6.
922 3999 1012 4056 Haut).
