2670 4830
514 381 672 450 LIBER
698 379 798 450 XXI.
1164 380 1186 453 3

132 515 205 610 quod
223 514 311 610 apud
327 499 487 583 Graecos⁶
501 538 636 608 quoque
655 538 724 582 non
742 513 826 583 adeo
848 516 1029 608 antiquitus
1050 515 1183 611 placuit.

173 625 227 692 ΙΙΙ.
248 621 416 690 Arborum
434 621 522 689 enim
544 621 646 689 ramis
672 622 827 689 coronari
850 622 883 689 in
904 623 1006 691 sacris
1027 627 1181 693 certami-
1205 660 1215 692 1

133 729 211 799 rbus
220 728 242 814 ¹,
251 752 325 797 mos
342 741 414 797 erat
427 729 581 821 primum.
592 729 711 796 Postea
725 727 847 795 variari
863 744 1011 822 coeptum
1020 727 1030 752 ²
1040 731 1183 800 mixtura

132 833 304 904 versicolori
332 819 488 919 florum³,
505 859 578 926 quae
601 835 743 902 invicem
764 832 883 902 odores
906 833 1099 929 coloresque
1123 861 1183 908 ac-

132 927 299 1027 cenderetl,
317 942 475 1034 Sicyone,
492 965 532 1008 ex
546 940 679 1034 ingenio
698 941 823 1008 Pausiae
837 940 972 1034 pictoris
989 956 1089 1035 atque
1102 942 1182 1038 Gly-

134 1072 200 1117 cerae
212 1048 393 1117 coronariae
402 1032 425 1131 ⁵,
440 1045 569 1115 dilectae
589 1046 769 1114 admodum
786 1045 849 1133 illi,
869 1072 973 1139 quum
990 1073 1091 1142 opera
1112 1051 1182 1144 ejus

135 1155 243 1246 pictura
270 1155 466 1235 imitaretur,
496 1167 528 1220 et
557 1150 612 1220 illa
635 1177 822 1247 provocans
846 1155 1011 1240 variaret,
1032 1171 1184 1251 essetque

135 1275 281 1331 cacumen
302 1261 383 1328 artis
401 1283 440 1327 ac
455 1273 581 1328 naturae
597 1287 605 1327 ε
623 1258 737 1352 quales
752 1261 853 1329 etiam
872 1284 962 1329 nunc
976 1275 1112 1333 exstant
1131 1288 1183 1331 ar·

85 1445 92 1463 ·
137 1366 211 1437 tiliois
231 1366 317 1436 illius
338 1364 486 1451 tabellae,
504 1380 604 1458 atque
626 1367 661 1432 in
683 1367 798 1459 primis
818 1364 984 1459 appellata
1002 1367 1184 1461 Stephano·
1272 1446 1275 1453 ¹

87 1502 90 1507 ·
137 1459 259 1564 plocos⁶,
276 1497 344 1566 qua
364 1473 471 1566 pinxit
486 1474 611 1565 ipsam:
634 1471 733 1564 idque
755 1471 880 1539 factum
904 1487 953 1540 est
972 1488 1048 1566 post
1069 1472 1184 1568 Olym·

137 1643 200 1712 etymi
217 1643 400 1697 Tertullianus
421 1640 574 1695 subindicat
593 1640 627 1695 de
673 1661 746 1712 σαρες
759 1641 821 1712 ἱροὶ,
835 1643 867 1693 Οἱ
880 1637 925 1693 dio
937 1642 981 1712 μὲν
996 1647 1098 1707 θνητῶν,
1108 1647 1128 1697 αἱ
1138 1642 1183 1699 tio

137 1721 220 1775 Corona
232 1723 289 1777 mil.
301 1741 359 1793 cap.
373 1741 389 1772 v
405 1741 411 1775 :
426 1722 585 1775 «Coronam
605 1723 627 1774 si
672 1717 698 1771 δ’
712 1723 841 1773 ἀθανάτων
860 1722 949 1786 Ζηνὸς,
971 1719 1113 1787 americo,
1132 1730 1184 1779 Πα-

138 1800 188 1855 lorte
201 1804 295 1856 lascem
311 1802 443 1854 existimas
463 1801 560 1854 florum
578 1820 636 1872 per.
670 1802 799 1872 λαίμονος,
820 1792 979 1871 Ᾰρχτμᾰροια.
998 1785 1066 1855 duic
1083 1799 1112 1856 di
1133 1814 1182 1859 τῶν

137 1881 208 1933 nriem
218 1883 480 1952 comprehensorum.
493 1907 504 1928 ν
520 1883 555 1934 Et
561 1900 627 1952 quo·
671 1883 763 1941 κότινος
775 1919 783 1946 ,
795 1887 879 1951 μῆλα,
897 1883 995 1945 aazia,
1014 1883 1095 1943 πίτυς.
1111 1885 1181 1938 Ludi

138 1959 189 2014 niam
202 1963 244 2014 bic
260 1961 422 2015 Tertulliani
435 1961 536 2013 mentio
558 1960 626 2014 inci·
671 1960 690 2012 ii
697 1973 723 2013 et
732 1978 804 2013 sacra
813 1960 959 2013 certamina
966 1962 1083 2027 fuerunt,
1090 1963 1184 2034 Olym·

139 2035 341 2112 lit,juvatobiter
349 2043 460 2093 alterum
470 2044 528 2111 ejus
535 2040 626 2093 locum
671 2040 730 2109 pia,
741 2039 850 2110 Pythia,
860 2039 974 2105 Nemea,
985 2040 1103 2095 Isthmia.
1112 2046 1180 2096 Dar..

139 2116 303 2194 ’luraquem
311 2121 440 2190 Rigaltius
449 2132 476 2173 et
485 2138 625 2191 perperam
713 2140 738 2172 α.
752 2121 843 2172 Postea
857 2122 953 2170 uariari
965 2132 1074 2190 creptum.
1092 2148 1103 2169 ι
1112 2124 1181 2177 Pan.

85 2264 87 2271 Ι
138 2196 213 2265 edidit,
234 2215 260 2254 et
283 2213 445 2272 praepostere
473 2201 622 2265 intellexit;
669 2200 783 2271 carpite,
816 2199 906 2270 iuquit
939 2198 1048 2265 Festus,
1083 2200 1180 2255 dicun-

137 2275 188 2332 libro
195 2281 321 2334 nianirum
335 2280 370 2333 de
379 2278 544 2345 Idololatria,
554 2299 577 2333 c.
589 2299 622 2332 x:
669 2290 713 2331 tur
724 2297 830 2333 coronae
844 2297 875 2331 ex
885 2277 961 2331 vario
974 2298 1070 2349 genere
1080 2280 1179 2335 florum

137 2357 218 2413 *Flora
236 2361 333 2414 scholae
355 2359 534 2425 coronandae3
548 2385 559 2407 ν
576 2361 624 2412 ubi
669 2359 753 2412 factae.
765 2385 776 2406 ν
793 2358 885 2412 Hanc.

137 2435 241 2508 fligrtrius
250 2460 256 2494 :
266 2467 277 2487 ι
287 2441 438 2493 Floralibus
449 2441 557 2503 scilicet,
564 2440 624 2492 Flo·
710 2440 738 2491 3.
750 2440 862 2491 Mirtum
872 2439 1013 2490 uersicolori
1014 2438 1118 2511 florum,
1129 2455 1179 2495 etc.

85 2558 87 2567 .
136 2522 244 2573 tannis.
257 2519 456 2591 nsedquidad
464 2520 570 2572 Floram
580 2537 622 2571 re·
668 2517 787 2571 Gronov·
804 2530 830 2570 et
852 2519 894 2570 ul.
912 2520 1018 2570 mixtura
1032 2522 1178 2574 uersicolori.

136 2593 247 2653 ferinae
265 2600 410 2673 opns‘est?
423 2600 509 2670 Lege,
525 2599 623 2651 «Flore
667 2599 814 2670 Florumque
824 2601 930 2650 invicem.
946 2598 1000 2652 En.

85 2642 88 2749 l
135 2677 499 2734 eholaeooronandaeunam
513 2677 623 2732 adeum
710 2683 736 2740 i·
756 2678 893 2730 Accendere
914 2676 956 2730 Sic
973 2681 1023 2731 onii
1042 2669 1098 2748 (sio
1117 2680 1180 2732 libri

85 2754 87 2765 '
135 2757 433 2822 commorandum,
453 2777 537 2830 quem
554 2759 622 2810 Plio.
669 2755 912 2811 anteHarduinum
962 2749 1018 2828 iti).
1041 2760 1134 2812 Strabo
1151 2760 1179 2812 in

132 2848 175 2907 etp.
189 2841 204 2892 8
217 2840 281 2892 libri
291 2840 372 2910 hujus
383 2839 526 2908 significat,
537 2857 622 2909 quum
668 2837 779 2900 Bru'tiis‚
788 2838 863 2890 circa
870 2837 1005 2890 Vibonem
1015 2855 1107 2909 agrum
1119 2839 1180 2891 scri·

131 2913 381 2972 titcoronasLarium
389 2918 559 2989 publicorum
568 2917 623 2988 pri·
668 2918 721 2987 psit
734 2929 806 2969 tantu
820 2916 917 2968 florum
930 2918 1007 2986 copia
1022 2930 1180 2978 scatere..ut

130 3009 288 3071 tuorumque
323 3000 457 3052 honorem
486 2996 623 3068 quondam
668 3016 700 3049 eo
719 2997 861 3048 collectura
882 2995 1044 3065 Proserpina
1060 3014 1074 3048 e
1091 2996 1180 3067 Sicilia

129 3072 306 3132 fuissentin.
320 3109 361 3122 -
370 3079 404 3130 In
418 3076 495 3132 MSS.
509 3080 574 3147 ch.
591 3096 619 3138 1,
667 3074 852 3138 diverterit,et
863 3092 968 3127 coronae
978 3093 994 3126 a
1005 3073 1116 3129 floribus
1125 3077 1179 3129 illic

128 3153 249 3211 Gamerae.
261 3161 344 3229 Lang·
359 3160 447 3221 serice,
466 3155 537 3212 unde
547 3158 621 3210 Brot.
667 3156 785 3226 primum
799 3165 876 3208 texta
889 3155 949 3208 sint.
958 3154 1179 3226 Duas—Sicyone.

127 3233 198 3290 didit
210 3241 306 3291 serieve.
318 3240 370 3290 En.
569 3261 572 3266 ·
668 3235 711 3289 Sic
723 3233 800 3288 MSS·
813 3236 895 3304 Regg.
908 3235 984 3288 Colb.
997 3247 1048 3289 etc.
1059 3238 1099 3288 De
1112 3235 1180 3308 Gly·
1202 3278 1205 3284 .

154 3322 179 3371 6.
205 3317 283 3387 Quod
300 3318 368 3388 aprcd
384 3316 493 3370 Grecos.
517 3316 623 3387 Σπάρτα
667 3333 727 3367 cera
739 3315 892 3374 coronaria,
907 3315 1053 3385 Pausiaqne
1064 3315 1180 3385 pictore,

123 3397 273 3451 recentiores
284 3397 407 3462 Graecos,
418 3394 624 3467 ecneipo,quod
668 3395 725 3446 hec
742 3395 828 3446 multo
848 3393 986 3448 tradentur
1006 3395 1114 3447 uberius
1130 3395 1179 3448 lib.

122 3486 141 3528 et
150 3497 202 3529 sero
214 3496 262 3530 seu
274 3488 343 3540 necto
355 3474 498 3548 significat,
510 3494 561 3547 pro
573 3493 626 3527 ser·
668 3475 787 3541 XXXV,
799 3492 823 3526 c.
839 3479 882 3537 4⁰·
897 3473 988 3527 Hero.

121 3554 255 3610 indixisse
267 3556 365 3628 inquit.
375 3553 458 3622 Quod
472 3568 498 3608 et
507 3555 625 3608 stabilire
712 3553 737 3607 5·
751 3553 902 3607 Coronariae.
914 3552 1094 3624 Stropbiarios
1105 3568 1182 3609 vocat

121 3629 260 3708 Hesychius
280 3635 404 3700 videtur,
417 3653 502 3707 quum
521 3634 624 3706 accipre
671 3635 792 3696 Plautus,
806 3633 989 3704 strophiorum
1003 3671 1011 3698 ,
1026 3630 1122 3700 idest,
1136 3655 1182 3690 co·

120 3711 433 3789 iuterpretaturprippare
444 3727 471 3768 et
481 3716 623 3786 βαατρὺχια.
670 3731 797 3767 ronarum
809 3711 932 3767 artifices.
946 3714 1049 3766 Dicae.

121 3791 202 3850 Haeo.
711 3797 738 3848 6.
755 3791 965 3864 Stephaneplocor.
979 3793 1019 3844 Ita
1033 3793 1110 3846 MSS.
1125 3794 1183 3847 lau·

151 3877 200 3929 111.
213 3895 238 3929 1.
251 3877 284 3927 In
296 3879 371 3926 sacris
385 3874 559 3926 certaminibus.
577 3874 627 3925 Ar·
671 3872 743 3937 dati,
761 3892 813 3926 uon
833 3872 1038 3965 stephanoplpcos.
1062 3878 1187 3945 Στεφανη-

121 3951 509 4028 chiaeepigrarnm.anthot.1,
522 3971 550 4004 1:
563 3955 627 4006 Tic·
672 3953 782 4016 πλόκος,
797 3964 828 4005 ut
843 3950 917 4025 apud
934 3953 1073 4024 Theopbr.
1089 3954 1187 4026 legitur

121 4038 183 4104 ναρίς
197 4037 258 4088 τίσιν
276 4036 369 4105 ἀγῶνες
384 4035 422 4086 ἀν·
438 4023 555 4098 Ελλάδα,
569 4033 628 4084 ric·
674 4033 744 4086 Hiar.
755 4032 803 4084 lib.
817 4032 872 4097 Vl,
886 4049 946 4103 cap.
959 4052 985 4102 7,
1001 4033 1061 4103 qui,
1072 4032 1115 4086 vel
1128 4051 1187 4104 quae

1142 4208 1144 4214 ⁴
1238 4270 1331 4552 t
