2670 4830
10 36 26 451 l
440 349 593 456 itanu
619 387 725 456 xxi.
1003 440 1005 444 Α
1079 385 1123 458 55

81 520 153 587 ctiam
175 519 259 589 binis
279 519 447 588 mensibus
469 518 636 587 antecedit
653 521 850 612 germinatio
868 523 1028 588 omnium.
1051 523 1124 589 Ro-

80 627 174 695 snrian
194 628 342 694 Favonio
367 625 455 694 fossa
482 640 616 719 oportet
644 649 733 711 esse,
759 626 946 720 iterumque
974 625 1122 696 solstitio.

13 772 23 855 p
77 732 108 848 lit
127 731 155 800 id
175 732 361 826 agendum,
380 746 416 800 ut
428 733 516 799 iutra
534 731 569 810 id
587 747 719 826 tempus
738 718 959 827 perpurgata⁶
978 754 1017 802 ac
1040 758 1124 828 pura

15 858 23 901 ε
75 851 131 906 snt.

10 974 26 1405 Ι
97 947 196 1013 XLI.
209 932 306 1034 (ιιι.)
319 945 446 1012 Verum
464 943 571 1012 hortis
586 945 899 1037 coronamentisque
916 946 1059 1014 maxime
1072 945 1122 1014 al·
1148 976 1157 1006 1

70 1049 180 1119 rearia¹
200 1065 236 1119 et
259 1075 338 1144 apes
365 1051 587 1136 conveniunt,
607 1075 660 1118 res
681 1051 840 1144 praecipui
863 1065 1007 1143 quaestus
1029 1076 1122 1121 com-

65 1156 227 1250 pendiique
239 1205 249 1240 ,
261 1181 364 1250 quum
381 1155 473 1225 favit.
490 1154 634 1225 Harum²
650 1180 731 1250 ergo
746 1156 849 1226 'causa
867 1171 1001 1250 oportet
1017 1183 1126 1227 serere

62 1336 174 1392 guantur,
196 1341 301 1376 causam
321 1320 394 1374 idem
411 1322 568 1392 investigat,
609 1323 684 1375 aluus.
712 1319 845 1395 Ibidem:
871 1323 1021 1374 «alvearia
1032 1324 1126 1394 ⁸hieme

10 1414 13 1437 ²
61 1400 87 1454 de
103 1404 263 1466 Causs.V1‚
279 1421 324 1472 η.
340 1401 433 1455 Haao.
610 1415 755 1454 stramento
776 1402 887 1472 operiri.
900 1427 911 1448 ι
931 1401 1007 1454 Idem
1024 1415 1051 1454 et
1065 1404 1126 1456 Pin·

75 1510 79 1517 ·
92 1487 118 1536 6.
132 1483 250 1552 Purgato
270 1479 324 1545 (sic
339 1481 388 1533 lib.
406 1493 467 1533 ante
483 1478 565 1533 Hard.
610 1482 686 1545 tiani,
697 1481 960 1543 alvos.llursns,«Et
968 1499 1125 1535 araneorum

57 1560 116 1614 edit.
130 1575 159 1615 et
171 1563 248 1616 Brot.
266 1580 298 1614 ex
313 1563 395 1632 liegg.
408 1550 482 1626 Em).
497 1560 567 1631 Lege
610 1560 719 1632 quidem
742 1560 852 1612 exitium
868 1561 971 1613 facilins
986 1575 1038 1626 est,
1051 1565 1126 1633 papi-

56 1643 175 1696 exVoss.
191 1643 315 1714 optimo:
335 1663 347 1684 ι
361 1651 521 1711 perpurgato
536 1658 567 1692 ac
610 1642 713 1693 lionnm
727 1642 813 1710 major
828 1641 916 1709 pestis.
924 1641 1073 1695 Tollitur...
1083 1662 1124 1694 ac-

55 1739 119 1791 pura
131 1721 195 1775 sint.
211 1747 223 1769 ι
247 1721 308 1773 Lib.
323 1720 455 1783 XXXIV,
466 1737 490 1772 c.
510 1720 542 1771 13
558 1737 565 1771 ε
610 1720 694 1773 censis
706 1720 823 1772 lucernis
831 1720 1011 1773 antealveos.·
1026 1722 1125 1794 Scripti

55 1802 204 1854 «siccareet
214 1799 391 1854 excrescentia
401 1817 568 1863 consumere,
610 1819 712 1864 onmes,
724 1811 780 1850 ante
790 1800 864 1851 aluos.
875 1797 980 1852 Ibidem
993 1820 1000 1854 :
1013 1802 1125 1855 mner-

53 1898 229 1953 perpurgare.
243 1906 255 1928 ι
272 1881 394 1932 Utuntur
407 1890 435 1930 et
450 1879 568 1951 I’lantns,
611 1899 686 1945 rum,
705 1897 789 1951 quum
814 1879 866 1931 mel
897 1879 1032 1946 eximitur,
1056 1882 1124 1934 illini

52 1973 78 2013 et
87 1963 178 2013 Varro
189 1959 225 2013 de
241 1961 360 2012 ReRust.
373 1957 568 2022 II,rr.Gnorr.
611 1972 718 2030 oportet
745 1959 830 2012 exitus
852 1959 1053 2031 melissophyllo
1080 1975 1126 2035 ant

90 2041 163 2095 XLI.
177 2059 201 2093 1.
212 2040 336 2100 Alueart'u,
349 2040 401 2091 et‘c.
414 2039 472 2090 Hoc
485 2038 512 2089 in
523 2057 568 2090 vo·
611 2039 711 2107 genista
725 2039 807 2100 tritis,
824 2051 870 2091 aut
883 2037 985 2091 medios
996 2041 1055 2092 alba
1068 2038 1124 2094 vile

52 2120 149 2173 rabnlo
158 2130 187 2172 et
200 2120 225 2171 ei
237 2121 327 2172 vicino
338 2118 414 2180 alvei,
423 2129 568 2188 perpetuus
611 2119 782 2188 praecingere,
804 2130 834 2169 ut
856 2136 919 2187 apes
941 2117 1093 2190 diffugiant.
1109 2147 1121 2168 n

52 2216 127 2251 error
149 2218 205 2251 non
224 2200 346 2270 vulgatos
368 2195 461 2262 modo,
478 2197 524 2249 sed
542 2210 569 2250 et
608 2197 847 2269 'Optimarborum
863 2198 1123 2266 significataloorum,

52 2277 164 2349 secundi
176 2280 282 2350 generis
292 2277 508 2331 membranaceos
522 2279 569 2329 ob·
611 2297 672 2330 nam
685 2277 755 2329 idem
771 2296 830 2329 mox
844 2295 850 2328 :
872 2301 883 2322 ι
896 2290 942 2328 aut
953 2277 1054 2332 medias
1065 2279 1125 2331 alba

53 2356 130 2410 sidet.
145 2359 216 2410 Nam
226 2359 273 2430 qni
283 2356 421 2410 nobishoc
431 2358 568 2426 negotium
611 2359 666 2411 vite
681 2357 816 2428 praecingi.
834 2383 845 2403 ι
862 2356 967 2427 Nempe
981 2359 1062 2411 aluos.
1080 2358 1125 2411 sie

53 2438 125 2502 iecit,
138 2438 166 2489 in
182 2457 217 2490 eo
227 2439 325 2510 legitur
335 2437 440 2500 albaria,
449 2435 521 2506 quod
530 2451 569 2488 est
611 2449 638 2490 et
654 2456 713 2507 cap.
736 2456 769 2488 no
787 2438 868 2506 hujus
887 2435 968 2487 libri:
986 2437 1125 2490 «Melisso-

54 2518 156 2570 alvaria.
171 2518 219 2570 Sic'
232 2519 301 2570 infra
315 2535 339 2570 c.
353 2514 442 2569 tabo.
459 2543 469 2562 u
480 2518 569 2586 lmpo·
611 2518 705 2587 phyllo
719 2516 772 2568 sive
787 2517 927 2568 melittaena
940 2517 962 2567 si
973 2535 1125 2588 perungan-

54 2590 246 2651 nairtnavibus
256 2598 352 2650 alveos.
365 2621 376 2643 ι
392 2594 458 2648 cod.
469 2608 569 2661 noster,
612 2609 656 2648 tur
678 2597 807 2661 alvearia,
822 2615 877 2647 non
896 2595 999 2665 fugient
1018 2615 1090 2668 apes.
1110 2622 1121 2645 ι

55 2677 127 2729 atros.
144 2678 211 2729 Μοι
221 2696 241 2730 :¹
253 2702 265 2725 ι
278 2675 364 2729 donec
375 2673 495 2746 pondere
511 2676 569 2746 ipso
612 2676 679 2746 Opt.
691 2679 713 2727 si
720 2688 889 2747 perunguntur
899 2675 957 2726 elui.
966 2676 1124 2740 Lib.XXIl,

54 2756 150 2826 pressis
172 2757 285 2812 navibus
303 2755 377 2826 pleni
395 2755 462 2806 alvei
476 2756 570 2808 intelli·
615 2763 648 2819 πά
669 2776 675 2806 :
702 2778 714 2799 ι
731 2756 820 2807 Prima
844 2755 965 2824 propolis
987 2754 1124 2811 alveorum

55 2850 160 2906 gratur.
174 2861 187 2884 ι
209 2828 340 2908 Scriptus,
352 2835 432 2905 plena
449 2836 506 2888 alui.
525 2835 570 2889 Sic
612 2834 733 2896 aculeos,
747 2847 797 2886 etc.
811 2860 822 2880 »
842 2834 916 2886 Idem
931 2834 1046 2887 alvorum.
1061 2837 1123 2888 Lib.

56 2928 79 2969 et
91 2922 180 2979 cam
192 2915 335 2969 «Alrearia
343 2914 476 2966 orientem
490 2915 571 2985 aqui·
612 2915 702 2978 XXX,
718 2920 770 2977 24:
789 2914 908 2982 .Sparsas
920 2931 983 2982 apes
998 2914 1026 2964 in
1040 2915 1125 2967 alrea-

56 2985 198 3049 noetialem
209 2995 328 3067 spectare
334 2993 466 3046 convenit.
474 2994 567 3047 »Voss
612 2994 652 3046 ria
663 2993 787 3045 revertis
805 2994 906 3044 Rursus
917 2989 989 3044 idem
1001 3013 1007 3043 :
1024 2995 1049 3043 iu
1058 2995 1124 3056 alum·

58 3076 157 3127 alvaria.
171 3074 294 3128 Deinde:
313 3072 451 3126 «Alrearia
467 3073 568 3146 optima
611 3072 678 3142 lege,
693 3077 718 3123 iu
729 3071 806 3136 alvos,
816 3085 847 3124 ut
862 3084 888 3122 et
902 3071 1050 3126 Pintianns.
1062 3073 1122 3127 Lib.

59 3172 71 3204 e
89 3155 207 3221 cortice,
227 3151 341 3208 secunda
365 3153 466 3216 ferula,
491 3153 567 3206 tertia
611 3151 733 3205 XXVIII
743 3169 774 3221 ,7
788 3169 798 3203 .-
812 3177 824 3198 ι
836 3168 900 3221 apes
916 3152 991 3203 tactis
1003 3152 1124 3207 alveariis

61 3230 568 3302 riminezmultieaet'specularilapide
611 3232 709 3302 ingere.
728 3255 740 3277 ι
767 3231 793 3283 Is
814 3231 891 3301 ipse:
915 3231 1031 3294 alvariis,
1051 3233 1124 3303 quod

62 3312 168 3366 lesere.»
182 3313 299 3365 Pintiani
313 3308 407 3376 codex,
422 3312 490 3363 aluus
503 3314 568 3382 opti·
611 3309 779 3382 pretermisit
790 3310 932 3363 Salmasius
943 3311 976 3363 erl
987 3311 1123 3377 Solinnm,

64 3410 110 3446 ure.
124 3395 203 3446 Voss.
219 3394 497 3462 alsosoptlmeeortice5
510 3403 567 3444 tum
611 3410 672 3463 pag.
685 3394 735 3454 26,
750 3391 798 3443 nbi
816 3391 906 3444 locum
921 3390 1001 3442 istum
1021 3402 1123 3445 tractat.

64 3473 139 3525 nescit
150 3475 180 3526 τὸ
197 3493 226 3523 ea
239 3483 269 3525 ut
283 3483 310 3523 et
322 3460 446 3524 Pintian'i.
457 3471 565 3524 Scribe:
611 3471 758 3524 Columella
777 3488 887 3542 quoque
897 3470 955 3533 IX,
969 3476 1004 3532 14
1021 3488 1028 3521 t
1044 3470 1123 3545 «Alai

10 3548 14 3619 Ἰ
66 3548 428 3623 ιΑὶνοεορῑίιιιαεεοὸηὶοο,
441 3549 574 3603 secundas
611 3548 761 3623 aperiendae
785 3563 848 3602 sunt
872 3563 899 3600 et
925 3549 1094 3618 fumiganda.
1108 3577 1120 3599 ι

10 3644 14 3651 “
67 3629 158 3696 lerola,
180 3630 271 3684 tertias
297 3629 412 3693 vimine3
438 3630 514 3681 multi
543 3642 569 3682 et
614 3629 693 3700 Apud
714 3629 858 3682 Phaedrum
875 3629 1051 3699 quoqnefab.
1067 3630 1123 3685 5²:

68 3711 186 3778 speculari
214 3709 305 3781 lapide
329 3710 424 3762 fecere.
440 3734 451 3755 ι
480 3710 566 3762 Item:
616 3710 721 3762 -nlvos
735 3709 849 3780 accipite
867 3719 893 3758 et
910 3708 977 3759 ceris
996 3726 1066 3779 opus
1087 3712 1126 3764 in·

73 3790 241 3843 «Circumlini
263 3790 351 3841 alveos
376 3788 441 3840 limo
467 3789 570 3841 bubulo
614 3788 731 3852 fundite,
751 3813 763 3834 ι
793 3789 821 3840 in
843 3786 947 3855 scriptis
972 3787 1051 3843 codd.
1072 3808 1126 3853 esse

71 3868 235 3922 atibssirnnm.
253 3895 265 3916 ι
282 3868 413 3939 Optimis,
427 3869 502 3920 alvos.
513 3868 570 3919 Sta·
614 3881 724 3919 testatur
736 3867 877 3919 Salmasius
894 3865 927 3919 ad
938 3867 1038 3922 Histor.
1055 3868 1125 3941 Aug.

74 3945 145 4012 tiro,·
156 3951 176 4001 si
189 3962 302 4020 maguus
311 3949 345 4001 sit
352 3949 467 4001 alveus·
480 3948 569 4012 Quem
614 3966 673 4018 pag.
691 3953 757 4015 477.
775 3947 867 3999 Gnost.

76 4028 195 4096 sequimur
210 4024 368 4083 et'Cbilllet.
393 4032 415 4080 ri
430 4046 520 4098 inagna
538 4031 572 4079 n’t
658 4048 683 4079 a.
700 4025 798 4077 Harum
815 4045 873 4095 ergo
886 4020 976 4095 cama,
992 4039 1043 4080 etc.
1061 4027 1129 4079 Tra-

954 4122 997 4219 ,2
