2670 4830
167 364 210 445 18
437 367 474 434 C.
502 367 672 436 PLINII
696 366 807 437 NAT.
834 367 961 433 HIST.

164 483 289 592 calyce⁸
311 520 493 592 purpureo.
520 499 719 568 Differentia
748 522 768 566 a
791 495 863 566 liliis
891 512 995 567 estet
1019 497 1115 586 lraec,

160 604 316 674 narcissis
329 601 407 673 folia
421 604 455 671 in
467 593 591 672 radicel
606 620 698 688 sunt,
711 604 950 698 probatissimis
966 605 999 671 in
1015 607 1124 696 Lyciae
1140 631 1145 672 1

162 710 261 780 tibus.
274 712 388 779 Tertio
401 712 513 803 generi
528 726 647 781 caetera
665 710 780 780 eadem
789 695 812 797 ⁵,
830 708 924 802 calyx
938 710 1131 779 herbaceus.

160 841 220 886 nes
241 801 403 886 serotini⁶.
422 818 501 885 Post
518 819 700 887 Arcturum
719 818 808 884 enim
826 816 964 904 florent,
989 841 1028 885 ac
1054 842 1114 911 per
1134 843 1145 886 ε

160 925 310 993 noctium
327 937 536 991 autumnum.
732 1012 735 1016 Ι

127 1062 139 1096 ι
213 1032 307 1099 XIII.
327 1032 469 1097 Inventa
480 1043 530 1098 est
544 1043 578 1097 et
592 1030 626 1096 in
643 1029 694 1097 his
707 1031 793 1096 ratio
809 1028 977 1097 inserendi
986 1027 1008 1115 ¹,
1020 1045 1145 1098 monstr

157 1135 333 1206 hominum
349 1136 499 1230 ingeniis.
513 1133 726 1229 Colliguutur
740 1133 902 1228 namque²
919 1159 1032 1203 meuse
1043 1135 1126 1226 julio

157 1257 362 1328 arescentes,
385 1240 518 1371 liliaque
537 1242 786 1335 suspenduntur
806 1243 843 1309 in·
865 1241 968 1309 fumo.
991 1244 1081 1309 Dein
1104 1267 1145 1309 nu

157 1349 246 1419 tibus
268 1373 303 1418 se
324 1346 455 1415 nodulis
477 1399 486 1432 ‚
511 1349 545 1416 in
571 1347 651 1417 faece
676 1350 764 1441 nigri
790 1350 877 1434 vini,
903 1347 957 1415 vel
981 1350 1097 1441 graeci,
1120 1375 1145 1416 n

154 1548 228 1600 Pers.
245 1545 335 1599 Liliae.
346 1541 437 1608 iuss).
454 1545 535 1597 Coni.
550 1547 584 1598 D.
598 1546 669 1609 usn,
716 1544 890 1597 Hiran-At
905 1562 1001 1597 vernos
1013 1546 1093 1597 etiam
1105 1546 1145 1598 hal

154 1628 230 1679 Flore
238 1625 268 1676 de
276 1621 303 1672 V
300 1625 381 1693 irgile,
387 1635 451 1676 tom.
464 1624 548 1692 VIII,
558 1644 587 1696 p.
596 1643 672 1679 cxr11
716 1624 864 1688 narcissos3
880 1625 1045 1676 autumnales
1055 1645 1120 1677 vero
1130 1625 1145 1676 il

155 1725 193 1778 sq.
207 1703 270 1758 edit.
284 1716 352 1755 nost.
365 1703 417 1755 En.
557 1719 564 1733 ·
716 1703 752 1756 N.
763 1707 891 1755 serotinum
903 1704 1002 1756 referas
1015 1704 1086 1756 licet.
1101 1705 1144 1756 En

199 1785 228 1837 3.
254 1781 353 1854 Calyce.
377 1782 504 1854 Calycem
530 1781 560 1835 id
580 1797 671 1846 vocat,
756 1784 835 1835 XIII.
850 1802 875 1836 1.
888 1784 990 1834 Inventa
1003 1785 1145 1835 estetiniris

155 1860 230 1936 quod
238 1863 267 1915 in
276 1860 367 1914 medio
378 1861 461 1928 flore,
474 1860 569 1914 circuli
580 1862 672 1931 instar,
716 1863 843 1915 inserendi.
856 1863 915 1914 Hoc
928 1875 981 1926 est,
994 1881 1063 1916 nova
1075 1882 1145 1916 seret

156 1956 183 1997 et
191 1941 312 2004 stamina,
328 1953 354 1994 et
365 1942 454 2012 apices
464 1941 590 1995 continet.
603 1944 672 1996 Nar·
716 1943 754 1993 tio
776 1943 922 2012 excogitata
940 1955 992 2006 est,
1012 1960 1066 1994 non
1090 1961 1105 1994 e
1133 1949 1145 1996 l

155 2029 252 2076 cissum
277 2019 366 2074 medio
391 2038 561 2092 purpureum
583 2021 673 2076 Dodo·
716 2019 763 2073 sed
778 2019 923 2074 eradicula
936 2039 1017 2092 quam
1031 2023 1113 2074 caulis
1125 2042 1145 2075 ei

156 2119 229 2156 riscus
244 2112 337 2168 vocat,
348 2115 374 2153 et
385 2099 518 2164 delineat,
528 2120 589 2172 pag.
605 2103 671 2156 223.
716 2112 747 2152 ut
761 2119 822 2153 mox
836 2101 964 2156 dicemus.
976 2102 1016 2154 Ita
1030 2102 1107 2154 MSS.
1124 2121 1145 2154 o:

141 2243 144 2250 .
156 2181 281 2235 Nascitur
292 2180 427 2252 plerisque
441 2181 535 2233 Galliae
550 2180 633 2246 locis,
644 2183 672 2233 in
716 2180 805 2233 nullus
816 2181 939 2233 Pintiano
952 2181 1037 2245 favet,
1048 2182 1095 2250 qui
1110 2185 1145 2252 inj

157 2261 257 2337 pratis,
278 2264 392 2314 mmisse.
414 2258 584 2313 Dioscorides
600 2278 673 2312 com·
717 2260 827 2312 mavult.
845 2261 924 2313 Hunc
939 2279 1022 2330 porro
1041 2260 1145 2314 modun

158 2339 268 2394 mendat
283 2359 355 2402 euru,
374 2341 423 2411 qui
439 2342 462 2392 ἐν
477 2341 573 2408 ὀρεινοῖς
589 2340 673 2401 τόποις
716 2337 779 2390 dem
789 2339 843 2391 iere
853 2340 941 2391 verbis
952 2339 1080 2410 expressit
1093 2343 1145 2393 Ans

159 2421 290 2490 gignatur,
300 2419 349 2472 lib.
360 2419 411 2483 IV,
425 2437 484 2487 cap.
503 2420 565 2471 161.
580 2420 673 2472 Hsnn.
717 2419 746 2469 in
762 2418 848 2488 Geop.
865 2420 914 2483 XI,
931 2437 977 2472 21.
992 2421 1082 2471 Hsnn.

202 2506 229 2563 4.
247 2500 279 2550 Irt
291 2499 380 2551 radice.
399 2499 498 2560 Bulbo,
517 2517 576 2550 non
595 2498 674 2561 catull,
761 2517 786 2550 s.
803 2497 960 2569 Colliguntur
974 2518 1074 2570 nomque
1092 2519 1145 2570 seor

161 2579 271 2631 haerent.
302 2579 395 2643 Quare
428 2577 538 2630 narcissi
571 2577 675 2630 caulem
718 2589 816 2641 scentes,
826 2578 924 2649 liliaque
932 2579 1108 2647 suspenduntur
1120 2583 1145 2630 in

160 2657 300 2727 Theophr.
315 2658 449 2722 Hist.VI‚
463 2661 497 2722 6,
510 2657 611 2727 ἄφυλλον
627 2675 675 2709 vo·
718 2654 828 2720 Scribo,
861 2657 1018 2726 Colliguntur
1038 2678 1141 2730 reamque

161 2750 213 2791 cat.
224 2736 316 2790 Ilssn.
719 2741 846 2788 arescentis
868 2738 924 2802 lilii,
948 2740 991 2808 qui
1011 2739 1145 2807 suspendar

205 2817 233 2871 5.
258 2817 342 2870 Tertio
361 2819 446 2886 generi
468 2827 556 2867 catera
584 2815 675 2868 eodem.
713 2817 801 2882 sumo,·
820 2828 879 2868 turn
898 2835 931 2869 ex
951 2817 1052 2887 scripto
1073 2837 1145 2870 exem

162 2898 249 2968 Iego,
270 2898 341 2949 alteri
357 2899 450 2966 generi.
481 2896 550 2949 Nam
571 2907 676 2948 tantum
719 2894 862 2948 tumetium
873 2913 906 2948 ex
919 2915 1005 2967 graeco
1016 2909 1133 2962 auctore,

162 2976 219 3030 duo
231 2994 327 3047 genera
344 2975 547 3041 missisunt,
562 2977 676 3029 alterurn
719 2975 833 3038 rustica,
849 2994 927 3046 quem
944 2978 989 3029 alii
1008 2978 1146 3030 Constanti

162 3055 239 3128 quod
252 3056 346 3118 florem
360 3057 390 3109 in
406 3053 496 3109 medio
508 3072 677 3126 purpureum
719 3055 1145 3128 oliiHeronemappellsntGeopo

162 3137 260 3200 hebet,
271 3131 442 3205 cepoopouie'c
458 3154 464 3187 :
479 3135 593 3187 alterurn
602 3133 677 3204 quod
719 3134 768 3188 lib.
784 3136 841 3199 XI,
861 3135 908 3205 qui
926 3136 979 3188 hoc
1000 3135 1071 3187 idem
1093 3136 1144 3190 doc

163 3233 305 3279 croceum,
319 3210 449 3285 κροκῶθες.
469 3216 539 3266 Du..
553 3244 595 3258 --
608 3214 676 3265 Nar-
720 3211 781 3265 dem
796 3214 879 3266 ferme
893 3214 992 3268 verbis.
1014 3216 1093 3268 Puer.
1116 3248 1145 3257 -

163 3294 223 3348 eissi
235 3305 324 3347 autem
340 3311 436 3363 genus,
448 3293 492 3344 cui
506 3292 621 3345 circulus
638 3305 678 3345 est
717 3293 856 3362 penduntur
869 3293 980 3357 insumo.
995 3295 1076 3347 atiud
1093 3297 1122 3347 in
1140 3297 1145 3348 l

162 3374 251 3427 luteus
260 3385 307 3426 aut
319 3390 438 3436 croceus,
444 3373 487 3424 vel
497 3370 530 3423 ad
536 3370 677 3424 Narcissum
720 3372 799 3425 nohis
815 3373 984 3425 observatum
1005 3387 1058 3437 est,
1073 3374 1106 3426 de
1120 3394 1145 3446 qr

167 3453 364 3519 Tazetram,vel
378 3451 413 3505 ad
427 3451 463 3504 N.
472 3452 626 3515 orientalem,
646 3462 678 3503 ut
720 3452 924 3518 Tounrnroar,
947 3454 1034 3507 Instit.
1056 3455 1105 3505 uei
1124 3455 1144 3507 h

161 3534 289 3586 nonnulli
300 3533 415 3598 malunt,
429 3529 573 3584 commode
584 3531 678 3585 referri
720 3549 780 3602 pag.
796 3531 850 3601 371
869 3551 876 3584 :
900 3558 911 3579 α
929 3532 991 3585 Lilii
1006 3534 1058 3586 albi
1072 3535 1145 3586 cauli:

161 3625 257 3684 potest.
269 3613 321 3666 En.
719 3608 832 3664 floribus
859 3624 1009 3683 amputatus
1028 3625 1054 3665 et
1071 3633 1145 3683 susp<

203 3695 231 3746 6.
250 3692 339 3744 Omnes
357 3693 464 3742 serotini.
480 3689 524 3742 Sic
534 3688 672 3759 Theophr.
718 3703 826 3743 auctore
840 3692 977 3757 Gesnero‚
1000 3704 1090 3746 semen
1111 3712 1145 3762 pr

162 3772 217 3826 l.c.
230 3769 266 3823 de
281 3770 398 3823 narcisso
416 3769 562 3823 universim
578 3756 672 3839 ιὸψιον
718 3769 792 3841 quod
813 3771 927 3824 feliciter
942 3772 1022 3824 etiarn
1038 3773 1144 3827 Parisiis

160 3847 190 3903 lt
202 3847 315 3922 σφόδρα,
326 3850 390 3920 μετὰ
401 3849 448 3920 γὰρ
459 3843 617 3920 Ᾰρκτοῦρονὴ
631 3850 674 3902 ἄν·
718 3862 843 3922 expertus
853 3869 920 3903 sum.
937 3875 948 3898 ι
961 3853 1045 3904 Bnor.

159 3936 239 3995 θησις,
259 3929 302 3983 καὶ
320 3931 376 4001 περὶ
396 3931 531 4001 ἰσημερίαν.
544 3930 608 3983 Post
620 3930 674 3983 Ar·
760 3929 787 3982 3.
803 3929 917 3984 Nodum.
935 3931 958 3983 E
976 3932 1084 4002 singulis
1099 3934 1143 3985 eni

158 4011 228 4066 cturi
241 4028 379 4076 occasum,
394 4006 428 4062 de
441 4028 495 4080 quo
508 4009 615 4074 XVIII,
627 4015 673 4079 74.
719 4006 893 4064 diarodiculu
902 4009 1024 4081 quedam
1036 4024 1093 4064 tum
1106 4031 1145 4075 en:
