2670 4830
128 351 175 431 ²lt
296 295 299 299 ·
401 349 767 423 CMPLINIINAT
795 349 921 453 Hlst.

127 480 314 577 quentibus.
336 484 466 561 Seritur
488 483 608 553 radicis
627 482 740 552 bulbo.
763 449 913 551 Sativum
931 465 1045 550 latius³
1047 481 1197 575 ,majus-

126 612 211 683 que,
228 602 263 657 et
280 588 438 676 nitidius,
464 590 522 658 sed
544 589 649 659 multo
671 575 811 674 leniusl,
838 586 1041 680 degenerans
1062 586 1199 681 ubique,

127 718 191 763 nec
211 693 390 763 fecundum
404 697 502 763 etiam
519 681 689 790 Cyrenis⁵,
708 694 766 763 ubi
782 718 913 788 semper
931 693 1029 761 llores
1045 691 1198 763 laudatis·

127 785 231 869 simil
254 800 386 869 Prima⁷
402 800 556 871 nobilitas
578 799 715 888 Cilicio,
738 815 772 868 et
794 800 906 869 ibim.
916 801 1046 892 Coryco
1067 815 1199 868 monte:

129 903 207 974 dein
232 891 358 1000 Lycio⁸
375 920 490 983 monte
521 906 695 1002 Olympo:
730 931 809 974 mox
831 907 1049 1000 Centuripino
1073 904 1200 974 Siciliae

130 1010 258 1106 Aliqui⁹
290 1009 461 1106 Phlegraeo
497 1012 680 1082 secundum
712 1011 824 1083 locum
855 1011 986 1081 dedere.
1021 1010 1200 1082 Adultera·

130 1208 281 1262 sestertium
309 1229 373 1263 sena
407 1211 491 1264 millia
521 1211 644 1284 epnrvis
688 1223 810 1282 quartam
825 1222 852 1262 et
868 1208 1023 1262 vicesimam
1038 1218 1142 1278 partem
1155 1225 1202 1258 un·

130 1286 245 1341 reddere
254 1289 339 1342 areis?
350 1315 362 1337 ι
373 1291 415 1343 An
430 1308 486 1342 non
496 1290 645 1344 Columella
688 1292 750 1356 cire,
773 1284 824 1351 (nt
845 1290 889 1342 vix
910 1306 941 1342 ea
960 1286 1075 1355 supersit
1092 1305 1127 1338 ex
1147 1297 1201 1338 tote

130 1367 179 1420 lib.
192 1369 235 1420 X:
250 1391 261 1412 ι
272 1370 377 1421 circum
394 1369 494 1422 areolas
511 1382 538 1422 et
554 1389 645 1441 sepem
690 1389 759 1424 area.
773 1361 868 1437 Hand.)
881 1369 944 1421 Haec
956 1366 1046 1429 latine,
1061 1366 1083 1418 si
1092 1383 1203 1418 menses

131 1445 240 1500 ducitur
251 1447 342 1501 horti?
355 1474 366 1495 ι
387 1447 461 1501 Idem
474 1450 522 1502 lib.
533 1452 574 1502 XI
582 1489 589 1514 ,
608 1449 624 1501 3
637 1468 644 1502 t
689 1449 777 1503 Plinio
789 1449 952 1513 luit,melius
960 1445 1013 1499 diei
1022 1464 1076 1498 non
1084 1456 1202 1516 possunt,

134 1551 147 1574 ι
165 1527 242 1580 Circa
264 1527 325 1580 idus
343 1528 476 1599 japnarias
492 1529 589 1582 humus
606 1549 648 1582 re·
689 1548 740 1582 neo
755 1528 868 1600 planius.
891 1526 972 1593 Quod
992 1525 1013 1578 si
1030 1525 1077 1578 oni
1087 1523 1200 1577 nimium

131 1607 201 1659 fossa
212 1607 240 1658 in
250 1606 318 1658 areis
331 1605 548 1680 dividiturzqun
557 1622 646 1662 tamen
689 1607 797 1662 videtur
826 1620 853 1659 et
886 1606 1016 1677 scripulum
1040 1604 1131 1675 potius
1153 1621 1202 1674 pro

131 1686 170 1738 sic
197 1684 374 1738 informando
404 1700 483 1753 sunt,
510 1703 541 1742 ut
569 1689 646 1741 facile
691 1689 769 1742 tertia
789 1699 864 1759 parte
885 1686 988 1739 denarii
1012 1685 1054 1736 vel
1070 1682 1204 1736 drachma

132 1766 303 1818 mucantium
324 1785 418 1819 manus
445 1767 479 1820 ad
507 1766 647 1820 dimidiam
690 1764 893 1837 accipiendum,
913 1766 1027 1837 legerem
1048 1763 1141 1815 mitius
1154 1775 1203 1815 tra·

132 1858 238 1914 partem
259 1845 409 1898 latitudinis
433 1866 524 1899 earum
551 1866 647 1919 perne·
691 1847 767 1900 etatis
779 1846 867 1898 verbis
885 1857 912 1897 et
929 1863 1007 1898 sensu
1021 1843 1133 1896 meliore
1148 1859 1156 1894 τ
1171 1841 1204 1893 ud

133 1923 647 1996 nianttnequipersequunturherbas,
691 1926 788 1996 singula
806 1946 877 1997 usque
890 1926 994 1996 scripula
1011 1923 1119 1975 rlenariis
1137 1921 1203 1972 deco·

134 2003 236 2055 semina
257 2005 411 2075 proculcare
434 2020 580 2078 cogantur3
601 2005 648 2060 sed
692 2005 833 2078 picentium
853 2002 926 2076 quod
949 2016 1016 2056 esset
1034 2000 1068 2055 de
1084 1999 1204 2073 pondere

67 2134 72 2153 ι
134 2083 225 2153 potius
233 2101 282 2153 per
294 2085 400 2136 semitas
411 2085 608 2157 ingrediantur,
620 2098 651 2138 et'
692 2084 795 2139 denarii
808 2097 865 2138 sato
880 2097 983 2136 tantum
1000 2079 1089 2134 redire
1101 2081 1202 2150 scripu·

135 2161 237 2214 alterna
259 2161 318 2215 vice
337 2163 461 2219 dimidias
474 2186 547 2219 areas
566 2185 646 2219 erun·
691 2165 768 2229 lum,
782 2165 838 2217 sive
851 2177 954 2234 partem
968 2163 1083 2215 tertiam.
1093 2161 1184 2214 Gnon.

134 2254 205 2295 cent.
219 2267 231 2290 ι
242 2242 302 2295 lam
312 2260 422 2311 curnon
430 2248 504 2315 juxta
516 2246 648 2315 eleganter
734 2246 760 2298 3.
775 2244 883 2296 Salicum
895 2244 974 2294 latius.
990 2243 1030 2294 Ita
1041 2239 1121 2293 MSS·
1135 2241 1205 2292 forte

135 2322 238 2382 molar,
273 2340 335 2393 quae
362 2324 433 2376 male
464 2324 648 2396 respondent,
693 2315 960 2390 loetius(utSalmasio
972 2320 1203 2391 priusvisumest.

134 2417 224 2471 neque
239 2399 369 2468 reddunt,
380 2401 453 2475 quod
468 2416 646 2476 acceperunt,
692 2396 767 2470 Em).
776 2403 919 2473 Depictum
932 2400 993 2454 vide
1006 2401 1035 2452 in
1045 2397 1204 2470 Eystettensi

136 2480 266 2552 decoquere
288 2481 431 2547 dicuntur,
454 2496 536 2554 atque
560 2484 647 2554 ipsum
690 2483 780 2537 horto.
795 2483 886 2534 Hann.

136 2558 431 2615 crocumiMultisboc
442 2563 574 2615 illustrare
585 2582 647 2633 pos·
735 2570 760 2626 4.
778 2564 875 2614 Leniru.
893 2560 1013 2612 Gronov.
1032 2570 1059 2611 et
1078 2555 1125 2610 Al.
1147 2568 1206 2609 ante

136 2657 208 2702 sem,
224 2638 248 2691 si
265 2639 334 2692 ratio
354 2641 487 2694 scribendi
504 2654 647 2713 pateretur.
692 2640 776 2694 Hard.
798 2641 843 2692 sed
861 2640 937 2693 multo
960 2639 1032 2690 huius
1052 2637 1205 2707 degenerans.

136 2717 276 2790 Decoquere
285 2732 373 2772 autem
383 2722 647 2792 adscripulum,quum
692 2720 744 2774 Sed
754 2742 797 2773 nec
810 2721 896 2791 ubique
902 2719 1004 2785 secund.
1015 2708 1068 2771 En.

135 2797 220 2851 latine
234 2798 380 2871 loquimur,
390 2820 446 2854 non
463 2815 502 2855 est
513 2820 545 2854 eo
564 2819 648 2881 usque
734 2808 758 2855 5.
771 2803 856 2853 Etiam
872 2800 982 2870 Cyrenis,
995 2809 1045 2851 etc.
1061 2797 1125 2849 Haec
1137 2794 1209 2868 pari·

136 2889 169 2930 ut
190 2878 338 2950 scripulum
356 2895 536 2944 consumatur,
555 2879 602 2934 sed
618 2893 649 2933 ut
693 2878 980 2951 ter'l'heopltrastdll,
994 2880 1022 2941 6,
1035 2873 1207 2948 cujusoretio

136 2958 284 3029 scripulum
307 2961 492 3015 tantummodo
513 2961 649 3031 supersit·
693 2980 725 3014 ex
742 2961 868 3013 Athenaeo
888 2955 1045 3027 corrigenda
1064 2968 1123 3018 est,
1144 2955 1208 3020 XV,

137 3037 365 3108 quemadmodum
375 3040 448 3113 quod
455 3040 650 3112 medicijubent
692 3061 723 3112 p.
737 3043 802 3094 682.
816 3041 908 3092 Hsnn.

138 3117 282 3190 decoquiad
294 3123 390 3184 tertius,
404 3121 431 3172 in
446 3140 477 3173 ec
493 3120 553 3173 duae
568 3121 650 3172 tertisc
736 3124 761 3174 6.
773 3120 815 3172 fil.
825 3113 1109 3185 laudatissimilleliqui
1118 3113 1208 3178 flores,

138 3209 347 3262 consumuntur,
373 3218 426 3251 una
451 3213 564 3264 mnnet3
594 3217 649 3250 non
693 3213 871 3271 preterquam
886 3195 967 3248 croci.
983 3195 1080 3247 Athen.
1094 3192 1114 3246 l.
1131 3211 1155 3246 c.
1173 3194 1207 3247 Η.

138 3294 192 3328 una
212 3277 394 3341 consumitur,
415 3287 442 3329 et
464 3277 524 3330 dun
541 3290 651 3331 restant.
737 3297 764 3348 7.
778 3280 862 3330 Prima
876 3275 1004 3337 nobilitas,
1018 3287 1069 3326 eto.
1085 3273 1209 3327 Dioscor.

139 3354 226 3426 Super
234 3355 338 3416 omnia,
349 3357 396 3427 qui
405 3355 512 3427 quodve
522 3358 650 3428 decoquere
694 3358 721 3417 1,
737 3357 782 3411 25.
790 3355 968 3424 Transcripsit
979 3354 1036 3406 hacc
1049 3352 1133 3405 Solin.
1145 3371 1206 3424 cap.

140 3435 177 3486 acl
182 3437 311 3506 scripulum
317 3434 426 3500 dicitur,
437 3437 465 3488 in
476 3438 513 3490 eis
522 3438 651 3506 scripulum
694 3456 808 3489 xxxrrrr.
825 3435 917 3487 Hanc.

139 3532 195 3566 non
213 3514 398 3568 consideratur
413 3535 463 3586 pro
483 3517 560 3569 tertia
575 3530 650 3586 purte
736 3519 762 3570 8.
789 3518 854 3568 Dein
879 3516 955 3585 Lycio
983 3523 1061 3563 monte
1088 3511 1207 3582 Olympo.

140 3587 311 3665 denariilqni
324 3584 651 3666 Daleoampiicrrorest),
695 3597 769 3648 Brot.
788 3615 820 3648 ex
840 3594 899 3648 MS.
923 3590 1101 3662 Reg.1‚dein
1125 3593 1211 3662 lgrct'oe

139 3670 187 3724 sed
202 3691 253 3743 pro
268 3689 360 3745 quarta
381 3689 408 3729 et
427 3676 551 3728 vicesima
575 3688 651 3746 parte
696 3688 773 3728 monte
786 3676 898 3746 Olympo.
911 3673 1017 3725 Scilicet
1031 3671 1060 3723 in
1073 3671 1131 3723 MS.
1144 3672 1212 3742 neg.

138 3751 239 3814 nneiae,
261 3754 323 3806 assis
342 3755 524 3809 ducentesima
545 3767 652 3825 octoge·
699 3775 713 3807 a
733 3769 759 3809 ct
777 3753 839 3808 edit.
857 3752 980 3824 principe
995 3752 1078 3811 Lycioe
1095 3749 1209 3820 Obmpo.

139 3831 205 3884 sima
215 3844 316 3887 octavu.
329 3835 366 3886 As
375 3849 414 3888 est
424 3836 552 3902 area,rel
565 3847 648 3887 toturn
695 3834 758 3888 Fuit
783 3835 855 3887 enim
875 3845 902 3885 et
923 3830 1055 3901 Olympus
1079 3847 1157 3881 mons
1180 3830 1210 3881 in

139 3910 213 3982 quod
226 3913 322 3966 seritur
334 3913 363 3966 in
374 3934 442 3968 aren
454 3918 492 3969 Ea
505 3935 565 3969 area
581 3915 650 3966 deco·
693 3914 784 3986 Lycia.
798 3915 852 3966 En.

139 3994 192 4062 quit
203 3991 239 4042 ad
252 3994 350 4064 singula
369 3997 491 4064 scripulu,
506 3995 601 4061 idest,
614 3992 648 4047 sd
734 4013 761 4063 9.
781 3993 866 4064 Aliqui
881 3990 1011 4062 Phlegrae
1024 3987 1153 4059 secundum
1174 3988 1210 4040 lo·
