2670 4830
216 116 264 186 30
476 113 516 181 C.
542 112 715 182 PLINII
741 112 848 181 NAT.
874 113 1009 182 HIST.

183 279 195 312 ι
268 248 364 317 XIX.
392 243 455 315 Illa
470 269 601 339 quoque
620 270 689 313 non
711 245 895 315 omittenda
914 244 1102 315 differentia
1116 257 1184 334 est,
1204 246 1300 316 odo-·

217 367 448 424 ramentorum
474 351 578 420 multa
603 350 685 420 nihil
710 353 876 446 pertinere
897 352 940 420 ad
960 366 1218 441 coronamenta,
1243 368 1292 423 ut:

216 463 296 548 irin,
313 474 413 553 utque
424 456 621 546 saliuncam,
632 482 823 552 quanquam
835 458 1031 527 nobilissimi
1041 459 1153 529 odoris
1164 474 1296 528 utram·

218 592 291 662 que.
312 564 393 634 Sed¹
410 567 467 634 iris
485 563 596 634 radice
617 578 747 633 tanturn
771 565 1037 650 commendatur,
1057 566 1235 660 unguentis
1250 580 1295 635 et

217 673 389 742 medicinae
403 696 550 742 nascens.
562 670 824 740 Laudatissima²
843 673 878 739 in
891 670 1038 765 Illyrico,
1052 687 1086 740 et
1096 673 1142 742 ibi
1155 696 1293 766 quoque

217 804 286 849 uon
304 781 338 847 in
358 779 549 864 maritimis,
560 777 617 846 sed
632 779 667 846 in
682 777 885 846 silvestribus
904 777 1065 865 Drilonis,
1081 793 1115 846 et
1131 778 1288 848 Naronae.

216 871 391 956 Proxima³
409 887 444 953 in
457 883 672 972 Macedonia,
693 882 884 978 longissima
900 884 971 953 haec
988 899 1022 952 et
1035 884 1289 972 candicans,·et

184 1037 198 1069 2
218 993 318 1063 exilis.
342 977 510 1061 Tertiuml
531 990 643 1059 locum
661 991 764 1060 habet
781 977 954 1076 Africana,
975 990 1179 1085 amplissima
1202 993 1289 1061 inter

217 1125 353 1186 omnes,
368 1113 533 1192 gustuque
547 1098 761 1166 amarissima.
776 1097 907 1191 Illyrica
925 1121 1057 1227 quoque
1077 1098 1222 1166 duorum
1238 1120 1287 1192 ge·

218 1231 336 1275 nerum
367 1219 440 1273 est:
470 1202 654 1297 raphanitis
673 1230 692 1273 a
711 1202 923 1273 similitudine
946 1257 955 1289 ,
981 1217 1014 1272 et
1034 1189 1128 1297 quae⁶
1151 1202 1284 1286 melior,

257 1368 426 1424 xlx.1.Sed
435 1373 487 1421 iris.
498 1370 537 1421 Ex
549 1388 731 1441 quaunguen·
775 1372 817 1424 vel
824 1374 924 1442 Jisncea.
936 1373 958 1424 Ι.
965 1376 1128 1442 germanicam
1137 1372 1282 1444 habetque·
1325 1440 1327 1447 Ι

218 1448 730 1520 tumiriuum,dequonosobiter,X111‚
776 1470 827 1522 que
842 1452 963 1504 Dioscor.
978 1452 1007 1517 1,
1025 1453 1110 1505 1.En.
1324 1462 1327 1477 ¹

222 1551 252 1597 a;
271 1531 350 1602 plura
366 1529 472 1599 prolixe
487 1529 577 1583 Diosc.
588 1530 619 1593 I,
637 1533 684 1582 66.
697 1525 731 1582 Η.
818 1531 844 1583 3.
857 1532 983 1601 Proxima.
995 1532 1133 1602 Theophr.
1151 1530 1186 1586 de
1199 1532 1281 1585 Causa.

262 1630 287 1663 a.
303 1609 491 1661 Laudatisnma.
508 1609 648 1678 Theophr.
663 1609 731 1661 Hist.
777 1610 826 1675 VI,
841 1613 924 1683 stup.
939 1610 1005 1664 386.
1020 1612 1110 1663 Haut).

178 1736 181 1742 ,
219 1679 512 1758 1Χ,7;Ῐριςὸὲὰρίςη
528 1679 733 1759 ἐνίλλυρίοιςοῦκ
819 1696 845 1753 ά.
863 1691 1281 1757 Tertium,Diosc.I‚·1,etGuleu.
1324 1700 1327 1709 “

221 1771 244 1822 ἐν
262 1773 294 1837 τῇ
315 1771 374 1839 πρὸς
389 1768 516 1822 θάλατταν
540 1767 619 1839 χώρᾳ·
640 1765 692 1820 ἀλλ’
709 1770 732 1820 ἐν
778 1767 812 1822 de
828 1769 1118 1837 Antid.I,=1a.Hsun.
1144 1779 1145 1782 ’

220 1855 253 1918 τῇ
268 1850 478 1919 ἀνακεχωρηκυὶᾳ,
489 1850 587 1918 κειμένῃ
602 1845 733 1918 δὲμᾶλλον
820 1846 845 1902 5.
865 1850 1012 1919 Raphsnitis
1035 1869 1051 1900 a
1070 1849 1236 1902 similitudine.
1250 1848 1282 1902 Et

162 1979 164 1983 ,
221 1930 280 1999 πρὸς
302 1928 399 1998 ἄρκτον.
430 1955 441 1976 ι
455 1928 507 1980 Iris
532 1929 650 1999 optima,
671 1936 735 1997 ‘quae
779 1924 896 1981 fortassis
912 1942 960 1994 est,
974 1947 1055 1998 quam
1071 1929 1167 1983 Aetius
1189 1929 1286 1982 inent-
1315 1972 1327 1983 ,

221 2007 292 2079 opud
301 2008 408 2078 illyrios
418 2008 542 2073 exit,non
552 2019 642 2060 tamen
650 2023 736 2077 prope
779 2009 880 2078 plastro
905 2021 1096 2060 venenatorum
1122 2008 1285 2080 astragalitin

221 2089 372 2154 maritima,
389 2085 435 2140 sed
445 2084 642 2139 mediterranea
653 2086 737 2156 magis
779 2099 934 2156 nuncupat,
948 2101 975 2140 et
986 2090 1060 2158 cujus
1072 2087 1122 2140 sub
1134 2087 1231 2140 eodem
1243 2107 1286 2141 no·

221 2181 249 2222 et
263 2166 366 2220 deserta
379 2167 498 2237 regione,
509 2178 560 2218 etc.
575 2191 586 2212 a
602 2163 737 2217 Nicander
780 2166 854 2218 mine
868 2167 985 2219 Galenus
996 2167 1119 2220 meminit
1130 2168 1179 2221 lib.
1190 2168 1218 2232 Ι,
1227 2165 1287 2221 κατὰ

222 2248 249 2298 in
262 2240 384 2299 Theriac.
395 2266 421 2298 v.
441 2245 497 2308 43:
516 2235 563 2314 Ῐριν
579 2249 601 2296 θ’
612 2246 640 2301 ἦν
656 2244 736 2315 ἔθρεψε
779 2247 886 2307 τόπους,
906 2247 934 2298 in
952 2245 1094 2310 remediis,
1114 2264 1174 2317 quae
1191 2246 1288 2301 faciunt

223 2327 312 2397 Δρὶλων
328 2325 495 2395 καὶΝάρονος
515 2326 584 2392 ὄχθη.
601 2324 737 2376 Naronem
780 2325 815 2378 ad
843 2326 1018 2378 calvescentes
1050 2338 1147 2403 praeter
1181 2339 1288 2380 etatem.

222 2405 356 2458 boloniam
382 2405 487 2456 Plinius
517 2404 630 2468 maluit,
656 2421 737 2474 quam
780 2404 1290 2478 Astragalitimveronuncupant,qu'od

222 2485 378 2555 proximum
392 2502 514 2549 atunem,
526 2484 638 2554 signare.
653 2484 738 2535 Porro
781 2485 902 2554 astragali
911 2485 987 2537 radix
996 2485 1069 2538 velut
1078 2485 1214 2556 raphanus
1220 2504 1291 2557 gran·

222 2564 251 2616 in
269 2564 384 2618 officinis
397 2565 508 2616 retinuit
520 2563 568 2616 iris
583 2563 738 2633 appellatio·
781 2562 823 2616 dis
835 2564 880 2629 sit,
893 2578 919 2617 et
929 2578 1006 2617 teres.
1023 2567 1127 2620 Dauno.
1145 2594 1187 2606 -
1200 2566 1291 2618 Varias

222 2663 285 2696 nem
301 2657 308 2692 τ
324 2663 389 2696 rura
404 2655 495 2696 nostra
515 2644 614 2713 partim
631 2643 738 2712 flumbo,
781 2643 852 2696 ireos
870 2645 971 2714 species
993 2663 1008 2696 a
1030 2644 1118 2697 Plinio
1137 2658 1292 2698 memoratas

222 2725 323 2795 partim
343 2725 437 2794 gluieul
455 2735 595 2788 vocant,a
615 2723 738 2775 similitu·
781 2724 818 2776 sie
833 2725 908 2776 Brot.
926 2722 1081 2794 distinguit:
1098 2725 1230 2794 illyrica,
1250 2723 1292 2777 iria

222 2802 286 2856 dine
298 2805 394 2856 florum
409 2802 739 2873 cumgladiolo,lilioque‚
781 2816 820 2856 est
839 2803 958 2874 ejusdem
976 2804 1095 2875 nominis
1112 2805 1143 2857 C.
1161 2804 1291 2857 Bauhiuo.

223 2895 254 2936 ut
273 2884 399 2936 Lobelius
417 2882 606 2936 animadvertit
630 2884 657 2935 in
685 2882 739 2934 suis
782 2881 967 2948 Macedonica,
981 2882 1027 2935 iris
1041 2884 1115 2945 alba,
1133 2882 1291 2947 florentina,

223 2960 310 3016 Advv.
321 2981 380 3032 pag.
400 2965 448 3016 13.
466 2962 564 3014 Incolis
582 2961 699 3014 Drilonis
711 2973 738 3013 et
783 2963 815 3016 C.
827 2962 856 3014 B.
869 2962 1002 3020 Africana,
1014 2962 1061 3015 iris
1077 2963 1197 3027 asiatica,
1215 2980 1293 3018 caeru·

224 3043 339 3095 Naronae
349 3043 476 3093 Mucinacs'
488 3041 617 3112 appellari
632 3041 669 3093 ait
685 3041 739 3092 Au·
781 3041 837 3106 lea,
852 3042 1023 3112 polyanthos,
1036 3041 1067 3096 C.
1080 3043 1110 3096 B.
1123 3043 1164 3096 vel
1176 3042 1223 3095 iris
1231 3044 1294 3096 asia·

224 3122 336 3193 guillara
349 3122 397 3173 lib.
415 3118 449 3172 de
461 3120 556 3190 Simpl.
566 3131 635 3190 part.
645 3122 669 3183 Ι,
676 3138 736 3189 pag.
775 3120 847 3186 tica,
859 3121 981 3185 caerulea,
991 3123 1112 3174 omnium
1121 3120 1294 3191 amplissima,

229 3222 274 3271 17.
290 3202 324 3257 H.
340 3200 441 3253 —Iris
456 3202 594 3270 germanica
610 3196 620 3261 (
634 3200 737 3251 Triaud.
781 3198 1033 3266 dalmaticaeaffinis‚
1046 3202 1071 3255 J.
1087 3202 1117 3254 B.
1130 3201 1294 3272 Raphanitis,

128 3320 134 3334 t
225 3300 321 3350 monog.
340 3300 399 3351 gen.
421 3298 472 3351 107
488 3280 559 3331 Pers.
572 3273 737 3341 trintum).
782 3279 829 3332 iris
848 3279 961 3347 biflora,
985 3280 1051 3332 flore
1073 3281 1192 3344 minore,
1213 3279 1295 3334 odore

225 3362 296 3412 Duas
305 3375 434 3431 praeterea
444 3360 543 3430 species
551 3358 621 3411 ireos
636 3377 738 3410 memo·
781 3359 832 3411 lilii
844 3360 1020 3426 convallium,
1031 3361 1061 3413 C.
1073 3360 1296 3425 B.-Rhizotomos,

224 3452 266 3493 rat
279 3441 456 3511 Theophrast.
473 3441 495 3492 I.
502 3440 660 3511 florentinam
670 3438 739 3490 scili·
782 3439 829 3491 iris
839 3440 1016 3510 angustifolia,
1026 3453 1144 3511 prunum
1159 3439 1294 3504 redolens,

226 3523 368 3591 oet,cujus
383 3521 505 3573 meminit
516 3519 595 3571 etiam
606 3518 736 3589 Hippoer.
782 3518 881 3583 minor,
896 3520 927 3572 C.
944 3522 974 3572 B.
986 3520 1039 3574 Eu.

225 3598 259 3653 de
275 3599 366 3652 Moab.
384 3600 450 3658 mul.
464 3601 509 3663 ΙΙ,
525 3599 597 3668 673;
610 3611 637 3651 et
659 3597 737 3650 aliam
823 3601 849 3650 6.
862 3601 900 3650 Et
912 3619 974 3670 quae.
986 3600 1055 3651 Plin.
1067 3600 1151 3663 infra,
1164 3618 1225 3670 cap.
1241 3600 1294 3655 38:

224 3679 291 3733 flore
306 3678 434 3743 minimo,
450 3678 518 3733 Hist.
537 3680 604 3741 VH,
621 3697 662 3743 ια,
678 3695 737 3747 quaa
782 3701 794 3722 a
805 3678 855 3731 Iris
867 3679 928 3731 rufa
939 3679 1128 3751 melior-quam·
1140 3678 1266 3732 eandida.
1282 3704 1293 3727 ι

223 3758 380 3830 Sprengelio
392 3756 498 3813 videtur
513 3778 568 3813 esse
581 3760 604 3812 1.
612 3762 743 3828 gramineas
782 3757 870 3821 Quam
885 3759 1043 3814 senteutiam
1058 3759 1147 3812 Diosc.
1164 3760 1266 3829 probat
1277 3758 1295 3810 l.
