2670 4830
520 382 679 450 alana
703 384 809 449 xxi.
1041 340 1046 347 ’
1159 406 1196 451 11

127 513 270 598 lusisse,
291 512 446 580 extremis
468 535 600 581 corouae
617 511 756 581 lloribus
777 536 908 581 veneno
933 511 1040 602 illitis,
1067 515 1203 610 ipsaque

126 622 230 713 capiti
253 620 430 714 imposita,
456 643 533 687 mox
552 618 754 714 procedente
778 617 941 687 hilaritate
965 621 1118 690 invitavit
1134 627 1202 690 An·

127 728 283 813 tunium,
312 740 351 793 ut
368 748 509 794 coronas
530 725 691 795 biberent.
712 726 799 814 Quis
818 727 863 793 ita
890 727 1022 796 timeret
1042 726 1235 797 insidiasla

124 834 221 926 Ergo
244 846 425 926 concerpta
450 833 484 899 in
514 832 676 926 scyphum
702 832 873 925 incipienti
894 831 1027 902 haurire
1048 836 1202 928 opposita

124 962 254 1007 manu:
279 968 296 1002 «
307 941 360 1007 En
372 962 434 1032 ego
445 962 531 1025 sum,
549 939 674 1032 inquit,
691 936 757 1025 illa,
766 923 895 1006 Marce⁴
905 939 1145 1034 Antoni‚quam
1163 954 1202 1009 tu

124 1069 216 1112 nova
233 1045 505 1138 praegustantium
525 1043 693 1139 diligentia
711 1068 810 1113 caves
822 1068 830 1112 :
843 1030 949 1113 adeo⁵
965 1045 1063 1125 mihi,
1079 1048 1105 1116 si
1121 1072 1202 1141 pos·

125 1153 187 1218 sim
207 1152 279 1218 sine
294 1153 468 1237 tenuere,
481 1153 611 1220 occasio
626 1165 685 1218 aut
700 1153 785 1221 ratio
797 1150 898 1219 deest
913 1179 930 1215 a
949 1152 1032 1219 Inde
1043 1152 1201 1222 eductum

124 1241 414 1326 custodia⁶bibere
421 1257 528 1351 jussit,
537 1255 624 1328 illico
636 1259 870 1387 exspirantem.
883 1259 936 1325 De
949 1257 1201 1354 floribussupra

125 1363 257 1432 dictos⁷
286 1364 417 1457 scripsit
436 1364 687 1458 Theophrastus
727 1364 816 1458 apud
832 1365 978 1432 Graeeos.
1004 1366 1055 1432 Ex
1079 1367 1201 1434 nostris

126 1483 240 1538 autem
253 1471 451 1564 inscripsere
465 1468 565 1564 aliqui
577 1469 684 1539 'libros
696 1467 967 1564 Anthologicon⁹
981 1499 989 1539 ε
1006 1470 1105 1539 flores
1120 1496 1202 1541 vero

127 1590 351 1670 persequutus
367 1591 417 1645 est
433 1600 552 1664 nemo,
571 1576 662 1671 quod
684 1576 838 1670 equidem
860 1577 1037 1645 inveniam.
1053 1566 1125 1647 Nec
1140 1603 1202 1648 nos

125 1707 217 1752 nunc
240 1681 365 1752 scilicet
386 1708 527 1753 coronas
553 1699 725 1757 nectemus
749 1708 757 1750 :
786 1683 820 1751 id
841 1683 929 1750 enim
953 1682 1109 1752 frivolum
1128 1699 1202 1771 est;

126 1788 183 1857 sed
205 1789 247 1858 de
265 1789 418 1873 floribus,
433 1815 507 1883 quae
522 1790 728 1859 videbuntur
739 1790 850 1884 digna,
864 1789 1134 1860 memorabimus.
1190 1868 1198 1883 1,

179 1898 226 1964 X.
258 1885 336 1988 (iv.)
361 1897 562 1966 Paucissima
595 1899 700 1966 nostri
729 1920 852 1990 genera
880 1911 1198 1966 coronamentorum
1221 1922 1232 1956 1

128 2005 214 2070 inter
232 2003 403 2072 hortensia
421 2028 567 2092 novere,
587 2028 626 2071 ac
646 2028 739 2097 paene.
761 2001 865 2070 violas
882 2027 1040 2096 rosasque
1058 2018 1199 2073 tantum.

128 2111 215 2178 Rosa
229 2111 379 2178 nascitur
397 2111 492 2203 spina
507 2111 631 2197 verius,
650 2135 750 2203 quam
767 2108 897 2193 frutice,
918 2110 952 2177 in
970 2109 1054 2177 rubo
1069 2135 1202 2204 quoque

130 2214 359 2306 proveniens¹,
396 2215 461 2286 illic
493 2218 592 2291 etiam
621 2215 760 2310 jucundi
793 2214 923 2302 odoris,
957 2218 1108 2309 quamvis
1138 2241 1201 2286 au-

167 2416 193 2473 a.
206 2409 302 2462 Marce.
316 2409 436 2462 Gronov.
448 2423 475 2463 et
487 2408 532 2463 Al.
549 2411 637 2472 cluam
722 2410 758 2461 X.
781 2427 806 2462 1.
820 2409 850 2460 lu
869 2408 929 2460 rubo
949 2427 1041 2480 quoque
1050 2411 1199 2479 proveniens.

131 2489 268 2557 praeiverat
277 2486 456 2542 emendationi
471 2490 530 2542 Dal.
542 2491 596 2542 Eu.
682 2490 714 2541 In
738 2487 950 2559 cynosbato,de
974 2507 1028 2558 quo
1055 2489 1138 2555 XVI,
1152 2507 1200 2560 71.

168 2569 195 2623 5.
207 2569 288 2621 Adeo.
301 2569 446 2638 Εἶρωνικῶς.
458 2569 550 2622 Haan.
683 2570 775 2623 Haao.
792 2599 833 2610 —
849 2569 1019 2639 Cynosbatos
1036 2581 1076 2621 est
1091 2589 1146 2621 rosa
1157 2589 1200 2620 aa·

167 2652 193 2701 6.
208 2649 332 2700 Eductam
348 2649 470 2711 custodia,
487 2662 537 2703 etc.
552 2650 640 2702 lleum
684 2653 743 2700 nina
761 2643 895 2710 (Icosand.
909 2648 1030 2718 polyand.
1051 2649 1210 2719 gen.1237¹

132 2746 210 2781 unum
225 2729 351 2799 aliquem.
366 2729 402 2785 Η.
412 2730 640 2799 -Exspr'rautem
686 2729 759 2782 Pers.
773 2730 861 2781 nasac.
872 2722 966 2794 lusa).
978 2727 1071 2780 Plures
1081 2728 1133 2781 boc
1141 2728 1200 2798 ipso

132 2810 211 2860 Gron.
226 2820 254 2860 et
269 2808 310 2860 Al.
321 2811 465 2877 exspirante.
477 2798 531 2862 En.
686 2809 773 2880 capite
796 2819 841 2859 aut
867 2808 985 2878 species,
1001 2818 1047 2860 aut
1060 2809 1200 2861 varietates

168 2906 194 2958 7.
210 2886 293 2958 Supra
306 2887 392 2939 dictos.
408 2888 469 2944 Lib.
480 2900 542 2941 aute
555 2885 639 2941 Hard.
685 2889 784 2940 Noster
801 2899 956 2951 enumerat,
982 2884 1016 2938 de
1037 2887 1150 2956 quibus,
1170 2887 1200 2939 in

132 2965 205 3032 editi,
225 2979 295 3020 extra
316 2967 484 3038 supradicta,-
499 2968 639 3021 nobiscum
685 2979 757 3019 tanta
767 2984 903 3029 rosarum,
922 2983 986 3036 quas
998 2965 1138 3028 novimus,
1154 2984 1200 3018 co·

130 3058 214 3100 tamen
230 3048 294 3100 facit
307 3047 392 3100 Gron.
407 3048 435 3100 in
450 3048 639 3101 notis.En.-
682 3047 742 3118 pia,
763 3045 808 3097 vix
831 3045 898 3097 certi
922 3042 1025 3115 aliquid
1059 3045 1199 3116 qnisquam

130 3127 213 3197 Supra.
229 3128 330 3181 Praeter
343 3125 430 3180 dictos
451 3141 512 3181 ante
528 3127 639 3198 scripto·
682 3126 861 3197 pronuntiare
881 3123 987 3178 audeat.
1021 3124 1198 3184 Praenestina,

129 3224 174 3260 res.
185 3208 278 3261 Haan.
682 3208 756 3259 Brot.
769 3205 874 3277 judice,
887 3216 926 3257 est
942 3223 1002 3258 rosa
1020 3205 1200 3268 Praenestina,

166 3287 192 3340 8.
209 3288 398 3358 Theophrastus.
410 3286 589 3356 Theophrast.
602 3284 637 3339 de
682 3288 740 3339 albe
763 3297 790 3338 et
813 3285 965 3339 versicolor.
979 3282 1005 3337 J.
1025 3285 1108 3338 Bauh.
1124 3285 1201 3338 Cam·

129 3365 177 3418 hoc
191 3380 349 3436 argumento
364 3367 472 3437 scripsit
491 3367 520 3418 in
541 3365 637 3437 primis
682 3385 761 3438 pana,
773 3384 833 3418 rosa
847 3363 976 3422 candida,
990 3364 1070 3433 plena
1083 3377 1110 3417 et
1124 3363 1201 3417 aemi·

128 3444 191 3500 Hist.
203 3447 307 3510 Pl.V1‚
324 3451 353 3509 6,
370 3466 396 3516 7.
411 3448 503 3499 Hauu.
682 3447 769 3515 plena.
779 3446 806 3497 J.
818 3447 848 3497 B.
860 3449 903 3497 An
915 3447 981 3496 Rosa
992 3443 1148 3510 biferaPere.
1158 3446 1201 3498 vel

165 3527 388 3595 9.Antlwlogicon.
399 3517 639 3596 autoramento:
682 3528 714 3578 R.
729 3527 892 3578 damascena?
905 3524 1024 3589 Milesia,
1033 3541 1092 3576 rosa
1104 3526 1199 3592 rubra,

128 3620 154 3655 ea
174 3604 353 3676 florilegium,
376 3625 422 3659 seu
437 3607 537 3659 librum
557 3606 639 3658 colle·
683 3605 750 3658 flore
775 3605 853 3657 valde
878 3605 959 3674 pleno
990 3614 1017 3654 et
1043 3604 1200 3676 semipleno.

129 3695 279 3738 ctaneorum
305 3698 398 3739 sonat:
425 3705 481 3738 non
507 3683 581 3757 quod
605 3684 640 3737 de
683 3687 708 3737 J.
719 3687 748 3737 B.
763 3685 855 3754 vulgo,
871 3704 923 3735 rose
932 3702 1019 3751 rouge,
1035 3685 1201 3737 rosedaPro·

128 3761 233 3817 {loribus
255 3766 395 3818 hortorum
414 3766 443 3818 hi
468 3766 532 3818 libri
546 3778 641 3818 tracta·
685 3769 743 3817 rias.
758 3764 899 3815 Trachinia
923 3762 1014 3815 eadem
1041 3776 1121 3834 atque
1141 3783 1200 3818 rosa

128 3856 199 3908 rent,
212 3844 258 3897 sed
270 3845 344 3916 quod
357 3845 546 3898 sententiarum
561 3834 639 3898 flores
683 3845 789 3896 rabello
797 3843 864 3896 flore
874 3845 989 3913 majore,
1006 3844 1100 3913 pleno,
1115 3845 1201 3896 incar·

130 3925 638 3995 exvariisscriptoribuscollectoscou-
683 3937 743 3975 nata
765 3923 853 3993 vulgo.
875 3925 901 3977 J.
925 3923 955 3974 B.
976 3943 1028 3975 rose
1043 3924 1074 3975 de
1089 3925 1198 3986 Frena,

130 4000 248 4058 linerent.
265 4005 357 4060 Hrnn.
683 4023 736 4055 rosc
746 4004 818 4074 pdlr,
833 4024 885 4056 rose
895 4004 992 4057 couleur
1004 4005 1034 4056 de
1047 4005 1124 4056 clmir.
1140 4004 1200 4056 Ala·

1114 4563 1118 4568 ,
1196 4340 1317 4550 r
