2670 4830
113 426 115 430 -
161 401 206 446 ao
439 377 477 445 C.
504 320 671 445 Putitll
699 377 804 446 NAT.
831 378 962 446 n1sT.

159 524 297 596 nuntur,
314 507 488 604 appellata
508 510 559 592 ia,
577 524 610 577 et
624 510 667 578 ab
686 510 739 578 his
758 510 921 578 ianthina⁷
941 512 1049 580 vestis.
1071 514 1099 581 E
1122 536 1155 581 sa

158 619 303 686 maxima
321 618 501 684 auotoritas
520 615 624 683 luteis.
649 619 782 696 Genera
797 617 836 684 iis
850 641 857 683 :
870 614 1055 684 Tusculana
1064 603 1087 699 ⁸,
1109 633 1142 686 et

158 724 286 792 marina
317 720 513 816 appellatur,
543 719 648 789 folio⁹
673 720 842 814 aliquanto
876 720 1005 808 latiore,
1035 723 1091 791 sed
1122 751 1154 792 m

159 830 310 899 odorato.
332 832 372 895 ln
395 842 502 896 totum
520 851 601 895 vero
620 828 690 895 sine
707 826 828 914 odore,
849 829 1042 922 minutoque
1064 827 1144 896 folio

158 934 305 1004 lathiana
316 932 352 1020 ¹⁰,
369 958 490 1003 munus
509 934 680 1019 autumni,
699 947 825 1002 caeterae
842 935 939 1002 veris.
976 989 979 997 f

126 1084 139 1118 1
211 1044 289 1111 XV.
316 1041 470 1108 Proxima
502 1041 531 1107 ei
558 1037 668 1106 caltha
697 1053 747 1107 est
776 1038 966 1107 concolori¹
1000 1039 1155 1134 amplituc'

170 1222 172 1230 ι
200 1208 226 1262 7.
241 1189 280 1241 Et
296 1189 327 1240 ab
345 1189 382 1240 his
402 1188 521 1239 ianthina.
541 1186 599 1239 Hoc
617 1198 672 1250 cst,
718 1187 746 1238 in
772 1185 857 1239 Solin.
881 1205 941 1257 pag.
963 1190 1045 1250 1160,
1070 1189 1155 1241 calatin

157 1283 295 1341 purpurea
315 1287 346 1321 ac
364 1267 490 1320 violacea.
509 1264 673 1335 Vsoletpoar-
718 1266 818 1319 Calatia
844 1265 947 1337 oppido
973 1266 1064 1320 Italia.
1087 1269 1136 1320 His

155 1369 209 1421 pte.
221 1350 302 1401 Mart.
314 1349 362 1400 lib.
369 1348 407 1420 ΙΙ,
421 1365 463 1415 ep.
476 1361 578 1397 xxxix:
592 1344 673 1398 «Coc-
717 1343 803 1398 codex
825 1347 890 1415 Reg.
913 1366 938 1398 2.
958 1345 993 1399 H.
1012 1378 1052 1388 -
1073 1348 1155 1400 Calatl

158 1430 218 1483 cina
243 1430 351 1480 famosa
382 1425 466 1477 donas
500 1436 526 1476 et
552 1422 673 1476 ianthina
718 1426 790 1477 Brot.
804 1443 836 1476 ex
852 1425 911 1477 MS.
923 1425 988 1494 neg.
1006 1445 1016 1478 1
1034 1438 1061 1477 et
1074 1426 1155 1497 editj

158 1508 277 1561 moechae.
287 1533 298 1554 ι
312 1507 384 1558 Hinc
398 1504 498 1554 violarit
512 1502 584 1573 apud
594 1503 673 1555 Plau·
725 1504 794 1574 cipe,
804 1505 935 1556 calatinus.
953 1506 1005 1556 En.

158 1601 234 1652 tum,
259 1587 288 1638 in
305 1579 423 1636 Aulular.
440 1596 491 1637 act.
506 1582 564 1646 ΙΙΙ,
584 1601 620 1635 sc.
640 1583 672 1644 5,
757 1583 819 1637 XV.
832 1603 856 1636 r.
869 1584 968 1636 Concol.
981 1585 1145 1654 amplitudine.

158 1667 205 1738 qui
219 1677 304 1719 vestes
325 1663 443 1715 violacea
461 1680 583 1732 purpura
604 1662 673 1714 infe·
717 1681 808 1733 quaeso
843 1660 995 1734 amplitudo
1027 1662 1063 1715 ad
1094 1665 1155 1716 colo

159 1760 213 1802 ctas
223 1743 411 1797 distraherent.
426 1739 519 1793 Hsnn.
717 1755 763 1794 aut
784 1743 859 1795 color
879 1741 911 1794 ad
930 1742 1155 1812 amplitudinemi¹

200 1827 227 1878 8.
237 1822 333 1876 Genera
344 1825 374 1873 iis
382 1815 530 1874 Tusculana.
537 1819 672 1891 Scriptum
717 1840 784 1874 voce
794 1821 887 1874 ultima
897 1835 991 1874 notant
1001 1824 1155 1875 similitudine

159 1903 304 1972 exemplar,
314 1920 405 1971 genera
420 1912 500 1952 autem
519 1901 668 1964 Tusculana,
718 1901 826 1953 alteram
851 1900 948 1953 retinet
973 1902 1091 1971 egregius
1115 1922 1155 1955 co<

158 1996 186 2036 et
202 1982 357 2053 paulopost
379 1981 504 2044 calatino,
525 1999 581 2031 non
601 1980 671 2030 cala·
717 1978 790 2050 quod
804 1993 892 2033 autern
905 1979 1050 2051 precedit,
1072 2001 1121 2052 pro
1136 2001 1155 2034 o

159 2063 258 2126 titiana,
267 2072 298 2113 ut
315 2060 384 2113 forte
395 2072 492 2112 neutro
512 2057 595 2113 modo
610 2059 672 2111 scri·
716 2061 762 2112 het
774 2077 780 2111 :
790 2061 920 2112 consulari.
932 2060 1069 2123 Fortassis,
1077 2074 1101 2112 et
1110 2081 1155 2113 coci

158 2139 279 2195 bendum
289 2139 332 2203 sit,
349 2136 395 2192 sed
407 2140 513 2191 calcians
522 2177 530 2204 ,
539 2152 673 2210 permuta·
717 2139 881 2210 amplitudine.
895 2139 938 2192 Sic
949 2139 997 2192 lib.
1012 2141 1087 2206 XXI,
1100 2161 1134 2209 ²7
1149 2160 1156 2196 t

158 2222 193 2274 tis
206 2219 316 2286 litteris,
330 2237 346 2272 a
358 2218 533 2272 similitudine
545 2219 628 2282 celtas,
642 2230 673 2270 ut
717 2219 827 2271 chlearis
837 2237 986 2271 mensura.»
1003 2221 1070 2271 Item
1084 2221 1155 2273 XXI'

158 2299 297 2373 sequeutia
321 2299 408 2352 statim
434 2296 595 2364 ostendunt,
621 2296 672 2349 nisi
717 2298 809 2352 Gaost.
823 2297 1000 2353 -Proxime
1018 2301 1054 2350 Et
1073 2300 1155 2352 haece

159 2381 220 2452 quis
232 2377 330 2432 deduci
339 2379 414 2430 malit
428 2396 442 2429 a
453 2378 565 2430 calatho.
577 2377 657 2430 Pnsn.
716 2377 801 2430 larum
815 2377 945 2429 lutearum
956 2397 1052 2448 genere
1064 2392 1119 2443 cst,
1132 2400 1155 2431 n«

200 2477 228 2527 9.
241 2456 325 2510 Folio.
335 2457 409 2509 Folia
424 2456 559 2527 intellige,
575 2456 672 2527 quibus
716 2475 732 2509 a
743 2455 848 2509 Ruellio
857 2455 1095 2526 primum‚‚deinde
1107 2477 1120 2510 a
1130 2459 1155 2510 Sa

158 2533 209 2591 flos
224 2549 341 2602 constat,
353 2555 412 2608 quse
428 2536 506 2589 nobis
515 2535 608 2606 petala.
617 2537 672 2587 En.
716 2535 756 2588 sio
771 2532 903 2587 creditum
915 2549 967 2597 est,
982 2537 1035 2588 loc.
1049 2539 1093 2591 cit.
1110 2537 1155 2590 flos

197 2617 411 2670 -10.Calathiana.
429 2615 610 2669 Calathianam
628 2614 673 2667 alii
716 2613 797 2686 quem⁸
812 2614 974 2686 solsequiam
985 2614 1111 2682 dicimus,
1125 2619 1146 2669 le

159 2715 216 2751 esse
230 2695 324 2751 volunt
341 2693 537 2768 thylacitidem‚
555 2691 674 2754 aDodo·
716 2695 795 2765 plane
809 2691 908 2747 diversi
928 2696 1039 2765 generis.
1060 2697 1129 2749 Nam
1152 2724 1155 2741 ι

158 2795 219 2830 naeo
233 2776 332 2846 pictam
346 2775 499 2828 calathianae
520 2773 612 2833 titulo:
629 2772 673 2825 alii
716 2772 805 2826 indice
818 2774 898 2844 hujus
911 2775 964 2828 loci
980 2773 1017 2827 sic
1032 2775 1150 2845 legitur:

159 2854 279 2926 ejusdem
292 2855 487 2926 oampanulam.
507 2856 543 2906 At
560 2865 671 2924 unaque
717 2854 748 2905 lae
766 2854 855 2905 colores
872 2854 932 2921 III,
953 2855 1023 2906 luteae
1038 2858 1155 2924 general

160 2937 273 2989 cerulea
283 2947 338 3000 est,
352 2935 501 2988 calathiana
512 2951 576 2986 vero
589 2933 670 2998 lutea,
717 2933 815 2986 caltha:
838 2935 918 3003 regias
933 2935 994 3004 flos.
1016 2934 1120 2987 Genera
1145 2955 1155 3006 1

159 3014 183 3068 si
193 3015 287 3069 caltha
305 3015 431 3070 concolor
452 3026 511 3068 esta
536 3030 598 3066 nam
620 3007 673 3066 cal-
716 3013 794 3067 violae
812 3013 889 3066 luteae
904 3014 955 3066 tria
975 3011 1114 3067 dumtaxat
1135 3034 1155 3084 a]

131 3161 133 3165 y
159 3094 341 3148 thamuloteam
351 3113 406 3147 esse
416 3104 564 3146 monstrant
573 3091 602 3145 hi
616 3111 674 3144 ver·
717 3092 806 3145 lantur
813 3092 865 3145 hoc
873 3093 942 3157 loco,
950 3093 1109 3158 Tusculana,
1117 3113 1155 3147 ma

103 3218 107 3225 .
160 3192 204 3226 sus
215 3172 325 3243 Virgilii
339 3186 366 3224 et
381 3171 536 3226 Columellas
554 3190 561 3222 ι
580 3171 672 3222 «ΜοΙ-
718 3171 884 3226 calathiana:
897 3172 949 3224 nisi
962 3171 995 3225 ad
1010 3192 1071 3225 eum
1084 3193 1155 3226 numi

159 3252 195 3305 lia
206 3251 305 3305 luteola
318 3251 404 3321 pingit
419 3249 539 3302 vaccinia
548 3250 644 3302 caltha.
656 3273 668 3296 ι
719 3251 805 3302 caltha
817 3269 938 3321 quoque,
959 3264 985 3302 et
1003 3253 1091 3322 regius
1106 3252 1155 3305 flos

160 3355 200 3372 -ι-
214 3357 227 3378 «
240 3332 385 3401 Pressaque
397 3329 547 3381 flammeola
566 3347 674 3399 rumpa-
716 3331 789 3400 regia
810 3349 892 3401 scopa
914 3332 1081 3384 accesserint.
1102 3334 1138 3385 Et

159 3423 205 3464 tur
222 3408 320 3467 fiscina
339 3410 433 3462 caltha.
449 3433 460 3454 n
489 3406 672 3460 Calathianam
717 3409 836 3467 inferias,
850 3429 933 3480 quum
949 3409 1115 3482 singulorum
1132 3410 1155 3462 fl·

159 3507 210 3560 ego
225 3501 292 3560 puto
316 3507 372 3543 esse
394 3486 529 3559 digitalem
555 3488 671 3549 luteam,
717 3486 855 3541 medicina
865 3502 1017 3554 narrantur,
1025 3509 1155 3561 quorumr

159 3567 229 3620 flore
237 3566 544 3634 luteo,calathosimili;
559 3567 673 3620 caltham
717 3581 861 3621 tractantur
886 3582 1001 3632 naturae,
1021 3569 1055 3622 de
1075 3569 1153 3622 violis

159 3660 353 3701 veronostram
372 3644 547 3701 calendulam.
565 3647 675 3700 Diosco·
718 3648 830 3713 versim,
842 3648 1027 3718 sigillatimque
1038 3648 1072 3700 de
1081 3648 1155 3701 luteis

159 3726 213 3779 ridi
232 3726 318 3781 caltha
340 3727 593 3798 chrysanthemum,
614 3726 671 3778 sive
718 3745 770 3797 que
779 3729 936 3800 purpureis,
951 3728 1101 3798 longissima
1115 3728 1155 3780 hal

159 3806 331 3878 huphtalmos
344 3804 452 3859 dicitur.
470 3809 538 3858 Dat..
553 3836 590 3848 -
600 3805 675 3859 Cala«
718 3807 804 3860 oratio
821 3824 827 3860 :
843 3807 877 3860 ‹lc
896 3806 981 3861 caltha
996 3826 1128 3879 scopaque
1141 3827 1153 3858 r

160 3887 253 3940 thiana.
273 3891 298 3938 A
316 3885 412 3939 calathi
431 3885 530 3955 effigie.
549 3885 606 3937 Alii
625 3886 674 3937 cal·
717 3905 751 3939 ne
767 3891 811 3957 γρῦ
824 3886 933 3957 quidem
947 3904 956 3940 t
972 3889 1034 3940 satis
1047 3888 1155 3960 probabi

160 3965 244 4018 thiana
263 3964 371 4037 legunt,
393 3962 605 4019 asimilitudine
621 3966 673 4018 cal·
716 3963 843 4035 gumento
854 3985 897 4020 eas
911 3966 1014 4020 scilicet
1026 3967 1155 4020 idcircots

158 4044 224 4098 tha·
237 4044 384 4111 Pintianus,
393 4057 419 4098 et
431 4063 463 4099 ex
475 4045 522 4096 illo
530 4044 671 4099 Salmasius
716 4044 791 4117 quod
802 4045 934 4099 lutearum
946 4046 1054 4100 nomine
1066 4065 1155 4100 censea
