2670 4830
512 341 669 408 LIBER
693 340 798 408 XXI.
1142 339 1187 411 33

81 480 87 507 *
143 471 234 542 Musaei
248 487 281 542 et
295 471 431 540 Hesiodi
442 469 614 554 laudibus,
626 469 669 538 ad
682 471 794 538 omnia
802 470 915 539 utilem
923 470 1189 566 praedicantium,

81 597 87 636 t
143 604 283 673 superque
300 592 419 648 caetera
440 576 482 646 ad
503 575 627 645 famam
646 577 745 644 etiam
764 599 803 644 ac
821 576 1015 671 dignitatem
1037 603 1188 672 prorsus·

81 701 100 741 t·
142 686 309 777 quemiram
320 685 370 768 ,si
383 682 502 768 modo,
513 696 551 751 ut
564 679 731 768 tradunt²,
742 680 820 751 folia
836 681 907 775 ejus
920 708 1018 754 mane
1033 685 1191 773 candida,

81 805 85 845 t
142 791 254 860 meridie
267 814 454 885 purpurea,
468 787 536 859 sole
548 787 721 857 occidente
735 786 873 858 caerulea
885 790 1099 882 aspiciuntur.
1111 793 1190 860 Duo

81 912 84 951 t
141 881 264 989 genera³
288 896 382 990 ejus:
405 909 612 988 campestre,
631 894 760 987 majus:
779 891 946 980 silvestre,
970 896 1061 990 quod
1082 897 1192 967 minus

140 1016 182 1070 est.
194 1001 338 1092 Quidam
350 1002 522 1071 teuthrion
531 1014 662 1069 vocant.
676 987 788 1069 Folia⁴
802 1002 893 1069 canis
904 1000 1048 1080 bominis
1060 1001 1192 1091 similia,

138 1109 265 1179 aradice
283 1110 456 1202 protinus,
469 1131 652 1200 numquam
671 1104 784 1200 palmo
801 1104 929 1176 altiora.

177 1216 284 1284 XXII.
304 1203 418 1308 (vm.)
434 1215 478 1282 Et
494 1212 536 1281 de
554 1211 701 1282 odoratis
722 1211 862 1282 lloribus
888 1214 967 1282 satis
990 1212 1138 1282 dictum:
1157 1218 1192 1285 in
1213 1237 1226 1272 ¹

138 1321 236 1412 quibus
250 1333 424 1416 unguento
437 1321 555 1389 vicisse
563 1332 716 1388 naturam
732 1318 880 1413 gaudens
895 1317 1035 1400 luxuria,
1045 1320 1192 1393 vestibus
1211 1322 1213 1327 ’
1268 1412 1271 1420 Ι

136 1448 249 1522 quoque
278 1415 475 1521 provocavit
493 1450 551 1495 eos
571 1425 671 1495 flores
697 1427 755 1519 qui
773 1424 887 1494 colore
904 1426 1193 1496 commendantur.

137 1529 1194 1626 llosanimadvertotresesseprincipales.Rubentem¹,incocco:

133 1741 274 1796 corrodens.
287 1740 369 1795 Unde
378 1741 464 1794 herba
475 1740 581 1794 tiniaria
591 1759 637 1811 ap·
679 1739 850 1793 Dioscorides
860 1740 949 1807 sileat,
960 1740 1130 1813 affirmetque
1140 1741 1194 1796 hoc

131 1811 636 1892 pellata,testescribon.Largo,Comp.
679 1831 798 1883 tantum,
818 1819 935 1890 capitula
956 1820 986 1873 in
1001 1838 1107 1873 summo
1121 1839 1193 1887 esse,
1213 1871 1218 1882 ‚
1260 1862 1263 1868 ,

129 1919 225 1956 ιωιιιι
237 1898 307 1955 aad
314 1900 448 1971 sanguinis
458 1900 637 1972 eruptionem,
678 1897 792 1970 quadam
808 1900 934 1969 corymbi
956 1901 1058 1971 specie,
1076 1902 1194 1956 caesariei

127 1981 175 2034 sive
189 1999 222 2036 ex
234 1979 353 2044 arteriis,
363 1980 419 2034 sive
435 1999 450 2033 a
465 1980 635 2052 pulmone...
678 1996 750 2032 mnu
765 1978 854 2031 simili.
867 1979 919 2033 Vel
932 1978 954 2031 si
970 1978 1139 2033 Dodonmum
1154 1982 1192 2036 le·

125 2060 231 2132 prodest
246 2072 274 2114 et
287 2060 371 2113 berba
384 2078 465 2132 quam
484 2061 569 2112 ustrou
589 2077 635 2111 vo·
678 2058 766 2128 gisem,
776 2059 892 2122 Plinium
900 2058 1193 2127 errorisinsimulando,

123 2155 195 2206 csnt;
208 2159 279 2206 nos,
298 2153 328 2192 nt
346 2140 463 2211 opinor,
486 2139 637 2202 tiniariam,
679 2155 757 2191 suum
770 2157 824 2190 uon
834 2136 969 2208 proderet.
979 2137 1073 2192 Hsan.

121 2220 295 2285 fasciculum,
315 2231 389 2272 etc.¹·
407 2219 441 2271 Η.
454 2250 495 2261 -
510 2220 636 2271 Teucriam
718 2217 807 2270 XXII.
823 2237 848 2270 1.
860 2218 999 2282 debentem,
1010 2222 1036 2270 in
1046 2239 1125 2275 cocco.
1134 2222 1193 2275 Ru·

121 2290 334 2371 Peliumwidyn.
343 2317 470 2369 gymnmp.
480 2316 539 2368 gen.
562 2297 633 2368 1372
678 2298 757 2361 bens,
769 2297 868 2365 inquit,
880 2297 970 2361 color,
980 2297 1009 2349 in
1023 2316 1103 2352 cocco
1112 2301 1193 2354 micat

121 2380 193 2434 Pers.
202 2379 304 2432 Lubict.
312 2370 406 2447 lusa).
414 2377 523 2430 Habitat
532 2378 560 2429 in
574 2378 638 2430 Cre-
678 2367 734 2446 (est
749 2377 819 2429 enim
834 2396 946 2431 coccum
957 2378 1057 2430 rubens
1067 2397 1191 2448 manum,

121 2459 263 2523 te,1talia,
280 2457 366 2511 Gallia
377 2470 404 2510 et
415 2457 550 2528 Hispania.
563 2458 615 2509 En.
679 2469 709 2509 ut
722 2455 824 2509 dictum
837 2470 889 2518 est,
911 2457 959 2509 lib.
973 2456 1030 2523 IX,
1046 2476 1104 2528 cap.
1120 2460 1157 2512 65
1165 2456 1194 2525 ),

160 2559 187 2594 s.
203 2539 239 2591 {Jr
252 2538 360 2590 tradunt.
377 2537 478 2607 Famae,
488 2535 636 2607 opinionis·
679 2538 754 2606 cujus
774 2535 871 2589 eoloris
891 2536 974 2606 gratia
994 2539 1082 2591 omnis
1102 2547 1194 2594 erosa

121 2637 172 2690 que
186 2617 279 2689 vulgi,
294 2615 389 2670 vadem
403 2635 430 2669 se
442 2616 561 2687 praebere
580 2633 636 2667 non
678 2615 814 2685 profecta,
825 2616 880 2668 sive
892 2635 907 2669 a
920 2634 987 2668 rosae
996 2617 1191 2672 similitudine:

120 2697 220 2752 audet:
232 2695 309 2768 qnod
326 2695 424 2750 eruditi
438 2696 562 2748 nonnulli
577 2713 636 2747 eam
679 2694 743 2747 inde
755 2695 904 2749 trabituret
916 2696 945 2748 in
956 2714 1104 2766 purpuras,
1116 2696 1192 2752 diba-

120 2776 295 2843 dotem,n0n
306 2776 394 2847 polio,
408 2773 454 2828 sed
473 2775 636 2847 tripolioas-
679 2775 813 2846 phasque,
829 2787 856 2826 et
870 2775 1032 2840 Laconicas,
1048 2777 1076 2829 in
1093 2778 1192 2847 quibus
1252 2844 1255 2850 Ι

120 2859 278 2928 signarent:
293 2874 363 2926 qnos
380 2858 450 2908 inter
466 2853 637 2917 Dioscorides
678 2852 750 2906 idem
760 2854 832 2906 colos
841 2852 1052 2925 deprehenditur
1060 2869 1193 2927 suspectu,

120 2934 280 2998 censendus,
291 2936 332 2986 IV
335 2976 343 2998 ,
359 2934 424 2988 135.
432 2934 635 3004 Η.-Τριπι’λιον
679 2931 708 2985 id
719 2947 770 2998 est,
780 2951 862 3003 quum
872 2934 900 2985 in
912 2933 1021 2985 sublimi
1030 2935 1124 3004 positu
1132 2954 1194 3006 spe·

121 3017 214 3069 Diosc.
222 3013 297 3088 quod
307 3014 402 3067 Noster
412 3012 520 3066 videtur
528 3033 589 3067 curn
602 3020 636 3080 τῷ
680 3025 803 3066 ctantur..
819 3012 917 3064 Misere
935 3012 1047 3066 affectus
1072 3012 1193 3067 adhunc

121 3097 198 3166 πολίῳ
210 3092 380 3151 confudisse,
394 3106 432 3146 est
446 3094 583 3161 Plumhago
598 3111 639 3144 eu·
680 3092 752 3146 diem
765 3093 839 3146 locus
854 3091 898 3143 hic
915 3091 974 3144 luit.
986 3093 1030 3145 Sic
1044 3093 1115 3146 enim
1130 3094 1195 3147 libri

122 3195 206 3246 ropaea
233 3170 367 3235 (Pentand.
384 3192 481 3242 monog.
503 3191 563 3244 gen.
584 3175 637 3235 406
681 3170 764 3225 editi:
777 3198 788 3219 ι
799 3172 892 3224 Unum
901 3171 930 3223 in
942 3188 1040 3236 mccc,
1052 3174 1098 3245 qui
1111 3175 1194 3227 inro-

122 3255 195 3308 Pers.
208 3253 365 3322 Plumbagiu.
376 3244 473 3323 lusa),
483 3250 518 3306 de
529 3270 583 3324 qua
598 3251 639 3305 di·
681 3252 715 3304 sis
726 3251 815 3304 micat.
829 3251 938 3304 Gratius
944 3251 1014 3304 nihil
1024 3251 1139 3307 traditur
1148 3252 1195 3306 ad·
1218 3266 1220 3271 ⁴

123 3351 215 3388 cemus
227 3333 337 3405 XXVI,
353 3352 396 3385 aa.
414 3334 467 3384 En.
682 3342 792 3401 spectu:
804 3331 870 3383 etin
884 3349 1052 3401 purpuras...
1065 3333 1155 3386 Alium
1164 3333 1195 3386 in
1267 3345 1271 3356 ‘

163 3415 193 3468 3.
218 3413 278 3464 Duo
298 3431 388 3482 genera
409 3414 468 3481 ejus.
492 3411 640 3482 Utriusque
682 3411 846 3482 amethysto,
860 3410 1080 3481 quiinviola,ct
1096 3412 1153 3482 ipse
1166 3412 1195 3466 in

124 3489 295 3546 Dioscorides
306 3491 440 3556 meminit,
450 3491 497 3543 lib.
509 3492 565 3553 111,
580 3508 640 3560 cap.
683 3508 861 3561 purpureum.
874 3515 885 3536 ι
899 3490 975 3541 Libri
987 3490 1104 3544 melioris
1112 3504 1195 3556 note,

126 3579 180 3636 1²4
194 3572 315 3633 εΠοΊιιον,
329 3572 358 3623 τὸ
375 3571 418 3642 μὲν
434 3572 499 3623 ἔστιν
514 3571 600 3640 ὀρεινὸν
609 3571 640 3635 ,ὃ
684 3571 750 3640 neg.
767 3588 777 3622 1
792 3588 799 3622 t
813 3595 824 3617 α
835 3571 866 3621 In
881 3586 961 3620 cocco
970 3607 978 3634 ,
988 3568 1035 3638 qui
1046 3588 1061 3622 a
1071 3571 1139 3624 rosis
1148 3573 1198 3624 mi-

124 3650 164 3704 sat
177 3653 283 3721 τιὺθριον
299 3652 420 3709 καλεῖται.
434 3649 481 3703 Est
493 3649 572 3702 nobis
580 3651 642 3702 Teu·
680 3661 776 3718 >grente
782 3648 942 3718 gratianihil
950 3645 1066 3704 traditur
1074 3664 1198 3722 suspectu

124 3735 199 3783 crium
212 3742 359 3783 meramnum.
366 3731 420 3782 En.
684 3741 711 3781 et
723 3729 751 3780 in
764 3745 922 3799 purpuras..
933 3765 939 3779 .
950 3727 1140 3803 amethystum,
1151 3730 1198 3802 qui

166 3816 192 3873 4.
206 3809 289 3861 Forta-
310 3809 416 3862 Polium
430 3807 571 3861 Salmasius
584 3827 639 3860 non
685 3807 756 3859 viola
769 3819 795 3859 et
808 3807 866 3877 ipse
879 3807 907 3857 in
920 3825 1119 3878 purpureum..
1134 3811 1197 3880 neg.

125 3888 206 3952 uidit,
218 3889 266 3961 qui
279 3900 357 3960 negat
375 3888 403 3941 in
422 3888 501 3942 Praei.
521 3886 555 3939 ad
570 3887 639 3940 Plin.
687 3886 848 3950 s,Pintisni
863 3882 961 3939 codex:
981 3888 1040 3940 uUt
1058 3890 1199 3942 rubentem

126 3985 151 4037 p.
168 3987 201 4020 10
213 3988 253 4040 sq.
263 3987 294 4021 ea
304 3986 441 4021 canescere
453 3987 460 4019 r
471 3968 598 4039 quoniam
610 3965 640 4019 id
685 3967 714 4017 in
722 3964 869 4035 cocco,qui
879 3983 893 4016 a
902 3965 970 4018 rosis
979 3966 1109 4037 migrante
1117 3968 1200 4038 gratie

232 4079 317 4146 VH.
887 4082 890 4087 ’
1072 4073 1093 4144 3
