2670 4830
542 383 698 453 LIBER
729 385 837 451 xxl.
1177 379 1221 452 53

140 519 328 611 Phrygium
349 514 596 608 cognominant.
612 515 680 587 Sed
698 502 859 582 maximel
879 513 1065 608 spectabilis
1088 515 1219 608 pothos.

142 627 222 692 Duo
235 645 360 716 genera
373 621 494 713 hujus:
511 644 636 706 unum,
655 622 707 689 cui
727 620 789 690 flos
805 621 975 713 hyacinthi
989 636 1062 689 est:
1079 620 1219 689 alterum
1264 664 1268 679 ·

143 729 347 811 candidius,
369 729 425 820 qui
449 727 518 795 fere
540 712 710 795 nascitur⁵
735 727 769 793 in
794 726 949 812 tumulis,
970 729 1127 822 quoniam
1148 727 1217 795 for·

145 822 342 904 tius⁶durnt
357 837 401 901 Et
418 833 474 901 iris
488 832 612 901 aestate⁷
627 833 732 902 floret.
748 833 882 900 Abeunt
894 847 927 900 et
940 833 987 917 hi,
997 848 1221 903 marcescunt·

126 1030 130 1038 ἢ
146 967 223 1036 quc.
240 939 305 1010 Alii
322 964 437 1009 rursus
453 938 597 1006 subcunt
614 954 799 1007 autumno:
815 924 964 1007 tertium⁸
973 964 1076 1031 genus
1092 938 1171 1008 lilii:
1187 954 1220 1007 et

146 1074 282 1132 crocum
299 1049 334 1114 in
352 1060 495 1138 utroque
516 1069 637 1138 genere
654 1069 661 1112 :
678 1070 782 1112 unum
797 1045 920 1128 hebes,
939 1043 1079 1113 alterum
1101 1046 1219 1115 odora·

147 1169 242 1223 tum:
267 1155 387 1248 prim-is
407 1153 520 1220 omnia
539 1151 703 1219 imbribus
721 1153 907 1220 emicantia.
928 1151 1125 1220 Coronarii⁹
1147 1155 1218 1245 qui·
1239 1182 1252 1213 ο

147 1261 219 1330 dem
248 1274 284 1328 et
313 1260 415 1351 spinae
435 1257 518 1330 flore
541 1271 704 1325 utuntur:
726 1260 850 1352 quippe
881 1282 983 1352 quum
1012 1259 1114 1351 spinae
1136 1257 1240 1337 albae,

149 1364 299 1436 cauliculi
318 1367 406 1433 inter
424 1361 666 1433 oblectamenta
688 1362 772 1456 gulae
787 1390 920 1456 quoque
934 1364 1144 1432 condiantur.
1157 1366 1220 1432 llic

150 1488 193 1542 est
205 1476 298 1542 trans
314 1472 418 1539 maria
431 1470 514 1538 ordo
529 1468 662 1538 llorum.
678 1473 719 1537 ln
739 1468 834 1538 ltalia
849 1468 941 1541 violis
956 1470 1103 1539 succedit
1123 1494 1218 1538 rosa:

150 1579 220 1650 huic
230 1579 414 1650 intervenit
425 1575 549 1645 liliu'm:
566 1600 674 1644 rosam
688 1600 811 1670 cyanus
826 1578 964 1670 excipit,
977 1601 1118 1671 cyanum
1134 1601 1223 1644 ama·
1265 1568 1267 1574 ⁸

185 1795 210 1851 4.
226 1786 279 1840 Sed
293 1787 397 1838 murima
412 1784 547 1855 spectabilis
558 1785 656 1854 potlros.
744 1786 771 1837 8.
783 1786 899 1837 Tertium.
907 1788 1076 1855 Purpureum
1085 1781 1218 1846 videlicet,

103 1862 107 1945 ᾗ
153 1866 298 1919 Traduntur
311 1867 369 1918 baeo
382 1883 489 1935 quoque
498 1863 656 1933 aTheophr.
701 1863 757 1916 sive
772 1864 933 1929 narcissum,
945 1863 979 1916 de
996 1884 1050 1936 quo
1062 1866 1216 1935 superiusc.

103 1948 109 2039 l
156 1946 211 1999 unt.
225 1946 283 2010 VI,
304 1964 363 2016 cap.
387 1967 412 2011 ο.
431 1946 510 2001 Πόθον,
520 1962 569 1995 nos
584 1943 657 1995 arbi·
706 1944 1165 2015 123quodTheophr.Hist.VI,
1189 1948 1216 2010 6,

155 2037 244 2079 tramur
258 2045 332 2090 esse,
353 2041 433 2096 quem
457 2022 538 2077 modo
562 2023 657 2075 florem
700 2023 814 2075 alterum
827 2024 913 2096 λιιρὶον
929 2044 1011 2095 genus
1023 2037 1077 2088 est,
1092 2029 1104 2076 ο
1119 2020 1148 2078 di
1158 2026 1217 2095 νοίρ-
1237 2045 1241 2056 ¹

104 2150 110 2171 2
156 2105 466 2176 Constantinopolitenum
474 2102 656 2164 vocent,Galli
701 2104 829 2167 κιοσος,ἣ
848 2106 874 2156 τὸ
889 2106 984 2173 λείριον.
1003 2105 1094 2169 Quare
1109 2123 1215 2157 rursum

103 2174 114 2289 B
157 2191 210 2238 cuia
228 2185 420 2246 delirusolem,
445 2184 473 2235 in
499 2185 580 2236 horto
601 2185 655 2254 Ey-
700 2181 848 2235 secundum
861 2184 910 2235 lilii
919 2203 1002 2252 genus
1019 2184 1213 2255 appellat,cap.

105 2294 117 2485 ι
146 2265 261 2339 ,οἰοιοοιοεί
277 2266 381 2337 pictum
391 2265 528 2333 apprime,
541 2276 567 2315 et
582 2261 655 2332 apud
702 2281 717 2331 7
731 2280 739 2317 t
755 2267 788 2316 Τὸ
803 2258 832 2315 dl
838 2265 924 2333 λείριον
936 2265 964 2315 τὸ
980 2267 1070 2333 ἕτερον,
1081 2264 1123 2318 καὶ
1136 2266 1148 2315 ὁ
1159 2267 1213 2334 κρό-

158 2343 323 2408 Dodonaeum,
342 2362 404 2415 pag.
421 2345 484 2412 178.
503 2341 594 2394 Hinc.
615 2373 656 2388 -ι-
700 2356 751 2404 κος,
767 2345 809 2394 καὶ
825 2345 935 2413 dipersi<
945 2344 1056 2412 εὔοσμος,
1068 2348 1110 2397 nni
1124 2345 1136 2394 6
1150 2344 1213 2414 ἤμο-

159 2423 246 2493 lyclmis
259 2415 588 2490 clralccdonirafllDecand.
596 2441 655 2491 peu·
700 2441 746 2490 ρος·
768 2423 834 2479 εὐθὺς
850 2422 897 2494 γὰρ
914 2425 1011 2475 ἀνθοῦσι
1035 2427 1086 2483 τοῖς
1106 2422 1213 2491 πρώτοις

108 2518 115 2549 t
160 2506 384 2576 trgyn.gen.1146
401 2503 473 2555 Pers.
492 2503 652 2575 Caryoplryll.
697 2497 785 2565 ddum,
799 2503 968 2572 subintellige
986 2522 1018 2554 ex
1031 2500 1212 2555 antecedenti*-

110 2624 115 2633 .
159 2576 237 2651 lus.)
257 2584 357 2636 colitur
376 2583 405 2635 in
427 2582 541 2635 hortis:
570 2583 654 2635 variat
697 2581 757 2645 bus,
767 2582 921 2653 μετοπώρου.
938 2583 1031 2635 Haau.

159 2661 236 2729 quoad·
254 2663 375 2716 colorem
391 2660 499 2714 florum.
510 2662 567 2715 Alii
584 2663 652 2715 refe·
738 2680 765 2729 9.
783 2662 919 2715 Coronatii.
932 2663 1003 2713 Dum
1018 2661 1100 2731 spino
1114 2661 1219 2715 florem*

159 2756 207 2796 rust
218 2741 251 2796 sd
262 2742 398 2795 luminum
407 2743 531 2809 fruticans
543 2733 650 2809 (Diaud.
695 2739 783 2803 audis,
796 2742 900 2794 acanthi
918 2739 1019 2812 duplex
1032 2759 1114 2811 genus
1132 2743 1211 2795 intel·

160 2837 236 2892 monog.
246 2841 309 2894 gen.
321 2821 356 2875 33
367 2822 440 2875 Pera.
455 2822 532 2873 Jasns.
543 2822 613 2874 Juss.
622 2815 650 2889 );
695 2819 762 2888 ligo,
775 2818 876 2891 dequo
890 2821 938 2872 lib.
952 2821 1047 2882 XXII,
1063 2821 1117 2885 343
1128 2823 1210 2873 Brau-

110 2914 114 2943 .·
159 2898 243 2955 habitat
261 2903 290 2953 in
305 2902 414 2973 Europa
432 2901 538 2954 australi
557 2914 582 2954 et
594 2914 651 2955 toto
695 2919 748 2951 cam
763 2896 870 2951 ursinum
884 2913 989 2952 vocent.
1008 2900 1110 2952 Plinius
1123 2902 1151 2952 in
1164 2902 1210 2952 Iu·

113 2982 116 2987 '
159 2977 258 3034 Oriente.
269 2981 322 3033 Eo.
596 2982 598 2987 '
695 2977 754 3032 dioc
777 2979 855 3050 hujus
871 2979 923 3031 loci
944 2977 973 3030 id
994 2979 1055 3030 satis
1069 2979 1210 3049 perspicue

187 3061 209 3114 5.
232 3063 282 3131 Qui
293 3061 345 3127 fere
358 3063 474 3124 nascitur,
489 3072 540 3114 etc.
553 3061 649 3124 Forte,
694 3057 836 3123 admonet,
849 3078 933 3131 quum
946 3077 976 3110 ea
989 3058 1105 3129 appellat
1119 3077 1151 3112 ex
1167 3076 1210 3111 or·

159 3143 243 3207 quisue
255 3143 352 3211 jacitur
368 3141 393 3190 iu
413 3139 527 3204 ειοοοιιίἰος
540 3159 601 3193 nam
614 3140 649 3193 itu
695 3137 838 3209 dine,quae
852 3158 925 3192 nunc
941 3139 1064 3207 explanat
1078 3139 1207 3191 uberius:

112 3230 116 3259 '-
158 3214 275 3292 Theopbr.
293 3221 363 3273 Hist.
381 3219 438 3282 vl,
461 3211 651 3291 γεῷχρῶνται
695 3219 791 3271 «Portu
808 3237 905 3288 genera
917 3217 1102 3271 dumoninu
1112 3236 1209 3290 genera

113 3278 118 3353 l
159 3301 200 3364 ποὺς
222 3301 276 3361 τοὺς
298 3301 399 3370 τάφους.
428 3297 473 3351 sic
492 3301 564 3352 enim
586 3300 651 3370 legit
693 3296 771 3350 duo:
797 3299 1028 3370 Vincapervinca,
1058 3311 1133 3352 etc.»
1166 3298 1208 3350 De

113 3400 117 3407 ·
160 3373 239 3432 Athen.
250 3381 315 3444 XV,
328 3398 356 3451 p.
370 3385 433 3449 679.
448 3376 521 3442 Quid
536 3380 558 3431 si
567 3380 648 3433 ambo
693 3376 771 3448 spina
790 3379 850 3431 alba
868 3376 973 3432 dicetur
989 3378 1092 3441 xxiv,
1113 3381 1160 3431 66.
1173 3377 1207 3429 H.
1261 3370 1264 3383 '

158 3451 335 3531 Theophrastus
348 3473 373 3512 et
384 3459 524 3511 Athenaeus
538 3459 649 3511 latinum
695 3489 732 3500 -—
744 3458 896 3528 Spiuoeflore
912 3471 1019 3511 utuntur.
1034 3457 1139 3526 Duplex
1152 3458 1209 3510 No·

160 3530 189 3587 lic
203 3539 351 3610 quempiam
367 3551 504 3591 auctorem
524 3539 649 3591 transcri-
693 3550 749 3591 stro
761 3539 844 3608 spinae
858 3557 954 3608 genus,
965 3556 1048 3589 unum
1059 3535 1207 3601 aculeatum

159 3627 223 3684 utere,
232 3633 258 3672 et
269 3616 465 3671 inconsiderate
476 3617 593 3670 tumulos
603 3619 648 3670 τοί·
694 3630 720 3670 et
733 3617 867 3688 crispum,
881 3618 994 3670 alterum
1008 3617 1075 3668 laeve
1089 3633 1096 3667 t
1110 3635 1208 3687 nempe

115 3760 118 3767 Ι
160 3709 199 3756 tut
208 3717 252 3766 pro
266 3699 363 3771 βωμοὺς
376 3697 628 3751 verterunttflnm.
693 3698 820 3749 Acanthus
845 3698 923 3748 mollis
947 3709 974 3748 et
1000 3700 1109 3766 spiuosus
1126 3688 1208 3762 (Did.

188 3779 209 3828 6.
217 3772 320 3830 Fortius.
329 3775 648 3848 Xportdrsporffbeophr.
694 3782 804 3846 ougiosp.
816 3795 875 3846 gen.
895 3777 968 3843 15²9
984 3776 1058 3828 Pers.
1071 3776 1209 3828 Acamtac.

161 3849 302 3910 diruuntur.
316 3857 409 3909 Hirro.
693 3857 710 3906 J
713 3875 763 3908 uss.
772 3845 792 3923 l
803 3858 902 3926 Xystus
920 3857 1061 3907 hestorum
1084 3858 1209 3912 acantho,

116 3930 121 3965 ἵ
189 3951 209 3999 7.
226 3938 258 3988 Et
271 3941 313 3989 iris
335 3947 435 3993 testata,
446 3935 498 3988 loo.
520 3937 564 3989 cit.
580 3928 650 3989 Ᾰνθοῖ
695 3935 806 4005 topiaria
821 3933 945 3986 videlicet
956 3947 982 3986 et
997 3935 1096 3988 urbano
1112 3936 1210 3993 herba,

162 3999 182 4058 li
193 4014 248 4074 talu
260 4017 303 4088 ἶρις
316 4023 359 4070 τοῦ
368 4017 461 4087 -θέροος,
477 4013 568 4068 llsau.
695 4012 823 4067 decorare
849 4027 1047 4067 consueverunt
1079 4015 1192 4069 Romani
1205 4048 1212 4075 ,

1043 4106 1080 4206 ,2
