2670 4830
156 345 203 429 64
433 348 470 412 C.
497 347 665 415 P1.1N11
693 341 802 414 NAT.
831 346 956 413 HIST.

157 480 327 574 frigerant.
350 482 395 547 Et
410 502 512 571 quum
529 459 670 547 liaecter
689 478 817 565 fecere,
836 478 957 569 juncea
975 491 1065 544 crate
1086 479 1132 545 suj

157 589 283 656 siccant
293 585 361 655 sole
371 640 381 669 ,
390 583 549 678 lunaque;
561 585 633 654 haec
648 586 736 652 enim
749 582 928 652 eandorem
942 582 1029 650 facit.
1041 581 1098 650 Sol
1112 609 1132 651 si

159 707 192 760 et
202 717 244 760 ne
255 689 481 786 liquefaciatm,
493 705 674 785 protegunt
685 688 1132 758 tenuilinteo.Candidissimr

56 861 60 869 ,
159 799 197 866 lit
208 813 283 891 post
294 797 523 867 insolationem
538 800 717 866 etiamnum
734 811 875 864 recocta.
891 795 1016 863 Punica
1030 796 1132 865 medi(

159 904 339 974 utilissima.
362 905 529 997 Nigrescit
551 927 627 971 cera
646 902 759 971 addito
780 903 971 970 chartarum
993 903 1125 988 cinere,

125 1011 307 1080 sanctiusa
327 1009 472 1078 admixta
494 1009 601 1077 rubet.
624 1010 809 1102 Variosque
839 1010 872 1075 in
899 1006 1027 1076 colores
1052 1011 1132 1102 pign

159 1115 345 1203 traditur¹²,
363 1116 405 1184 ad
424 1115 568 1185 edendas
588 1101 860 1201 similitudines¹³‚
881 1134 914 1181 et
929 1117 1123 1184 innumeros

160 1222 272 1292 talium
295 1247 396 1308 usus,
416 1223 646 1315 parietumque
660 1208 684 1251 ¹⁴
706 1224 805 1290 etiam
831 1236 865 1289 et
886 1244 1057 1289 armorum
1080 1236 1132 1291 tut

160 1327 288 1401 Caetera
307 1329 348 1397 de
367 1326 464 1395 melle
485 1328 668 1421 apibusque
689 1330 722 1394 in
750 1342 867 1395 natura
890 1352 1004 1396 earum
1029 1328 1119 1397 dicta

161 1440 205 1505 Et
222 1436 398 1505 hortorum
421 1433 554 1527 quidem
574 1436 681 1509 omnis
699 1433 767 1502 fere
785 1436 870 1503 ratio
885 1449 1020 1527 peracta
1038 1448 1097 1503 est.

48 1604 50 1610 Α
130 1565 140 1598 1
216 1545 254 1611 L.
286 1534 375 1632 (xv.)
401 1542 593 1633 Sequuntur
615 1539 727 1609 herbae
754 1555 872 1634 sponte
892 1555 1083 1624 nascentes,
1112 1567 1132 1634 q

161 1647 326 1743 pleraeque
338 1648 484 1740 gentium
500 1662 640 1716 utuntur
658 1648 692 1714 in
711 1647 814 1733 cibis,
829 1648 1037 1740 maximeque
1052 1648 1132 1742 AEgy

159 1755 292 1847 frugum
313 1752 446 1846 quidem
467 1752 682 1839 fertilissima,
704 1752 761 1821 sed
782 1769 818 1821 ut
839 1779 944 1848 prope
965 1746 1032 1822 sola
1057 1755 1097 1821 iis
1117 1778 1132 1821 e

158 1862 281 1954 possit:
302 1874 396 1928 tanta
411 1874 461 1928 est
474 1860 628 1929 ciborum
649 1883 690 1927 ex
706 1859 818 1928 herbis
839 1860 1052 1928 abundantia.
1074 1862 1114 1927 In

157 1967 370 2060 paucissimas
399 1967 573 2050 novimus,
609 1965 719 2060 fraga,
757 1965 944 2050 tamnum¹,
982 1963 1132 2034 ruscum²

200 2145 239 2178 ιο.
251 2125 297 2179 Sol
304 2131 392 2179 siccat:
400 2139 423 2178 et
431 2147 460 2178 ne
469 2128 617 2199 liquefaciat.
628 2127 671 2180 Sic
716 2128 760 2180 alii
769 2126 866 2181 tomum.
879 2128 1067 2197 Cyclaminum
1078 2148 1132 2182 seor

158 2226 189 2260 ex
200 2208 276 2261 MSS.
291 2203 376 2260 Hand.
390 2221 529 2278 praeeunte
539 2207 670 2260 Pintiano.
715 2226 795 2279 quam
804 2228 854 2279 pro
867 2209 1002 2278 vitenigra
1011 2209 1132 2261 Matthiol

158 2288 279 2341 Gronov.
293 2300 319 2339 et
333 2286 375 2340 Al.
388 2291 519 2349 siccantes,
529 2307 558 2338 nc
568 2287 671 2358 liquesa·
716 2288 764 2357 git,
771 2289 829 2340 Itali
838 2289 916 2340 etiam
924 2287 1005 2340 hodie
1015 2290 1132 2342 Tcnrcro*

157 2371 240 2428 ciant,·
260 2365 307 2419 sed
326 2369 388 2418 Ver.
409 2365 480 2438 apud
500 2367 592 2421 Doleo.
614 2385 669 2418 non
716 2369 827 2438 ejusque
837 2379 941 2420 teneros
949 2369 1094 2422 cauliculos
1103 2381 1129 2422 et

150 2442 311 2517 poenitenda
326 2446 440 2498 lectione
457 2444 573 2517 liquefiat.
587 2446 638 2498 Eo.
716 2447 754 2498 las
768 2466 829 2499 vere
843 2447 960 2518 primum
976 2460 1133 2519 erumpente

202 2526 390 2580 rr.Medicim's.
399 2525 520 2577 Gronov.
533 2538 558 2578 et
569 2525 614 2578 At.
627 2545 672 2576 nie·
716 2545 841 2596 rogorum
857 2526 1067 2596 morederoetas
1080 2547 1132 2581 mar

158 2607 276 2668 dicis,·et
288 2605 368 2676 paulo
383 2616 453 2675 post,
468 2604 673 2658 reddendassimi·
717 2626 747 2658 ao
769 2608 796 2657 in
822 2605 960 2659 fasciculos
986 2605 1100 2677 digestas
1127 2629 1132 2642 ¹

159 2687 285 2748 litudines,
296 2703 350 2737 non
366 2684 477 2736 edendas.
491 2686 544 2737 Eu.
717 2686 918 2740 circumferunt.
927 2685 991 2756 Ejus
1004 2687 1107 2739 fructus
1122 2707 1132 2739 r

202 2786 246 2819 ra.
260 2765 396 2834 Pigmectis
408 2765 521 2817 traditur.
538 2764 672 2817 Furorum
717 2766 799 2818 minio
815 2768 972 2830 vocabatur,
989 2793 999 2813 ι
1014 2805 1090 2819 .....
1100 2769 1132 2837 jai

159 2845 292 2908 tincturis,
306 2842 338 2896 ad
353 2845 513 2914 ἐγκαυστικήν
524 2858 550 2897 et
556 2856 674 2916 κηρογρπ-
717 2857 812 2916 sponte
827 2847 969 2909 virescunt,
980 2871 991 2891 ι
1008 2845 1082 2916 apud
1093 2848 1132 2898 Co

160 2927 308 2998 pienDu.
712 2925 769 2977 -lam
792 2925 857 2994 legit
877 2926 1052 2994 Pomponius.
1080 2927 1132 2978 Dar

203 3005 246 3058 13.
260 3005 306 3056 Ad
317 3003 421 3056 edendas
440 3003 616 3057 similitudines.
633 3005 672 3056 Eo
721 3006 847 3057 Temnum.
872 3007 912 3057 Ita
927 3005 1005 3056 MSS.
1021 3025 1132 3069 omnes,

158 3084 271 3139 artificio
294 3097 384 3136 nostra
410 3084 537 3136 memoria
562 3080 672 3156 quidam
718 3084 908 3137 Colb.Thuan.
923 3083 1132 3138 Clriffl.tumho

160 3165 297 3220 imitantur
309 3163 336 3214 in
348 3163 494 3233 pensilibus
504 3163 588 3215 bortis
597 3164 674 3215 erbo-
717 3176 774 3216 tum
786 3164 813 3215 in
823 3162 916 3216 Indice
925 3183 932 3218 :
941 3183 996 3216 nou
1007 3176 1106 3227 tamam,
1116 3185 1132 3216 u

159 3263 219 3297 rum
231 3254 258 3295 et
273 3242 416 3294 herbarum
433 3261 512 3294 omne
521 3261 620 3312 genus,
632 3243 672 3293 lo·
717 3244 789 3294 Vitis
797 3243 922 3295 silvestris
930 3243 1132 3312 Dodonaeiest,i

160 3325 209 3385 lia,
226 3321 305 3374 flores
315 3322 441 3385 ,fructus
454 3323 524 3373 Dis..
717 3322 787 3375 Viris
801 3323 875 3393 nigra
888 3324 1038 3387 Matthioli‚
1054 3344 1080 3394 p.
1098 3343 1130 3376 12

204 3409 248 3465 πά.
263 3401 440 3473 Parietumquc.
454 3398 496 3451 Ad
510 3399 618 3451 tutelam
630 3400 673 3470 pi·
720 3433 758 3444 -
768 3404 858 3454 Tamus
872 3409 999 3455 communis
1014 3398 1113 3464 (Dioec.
1127 3405 1132 3454 i

161 3495 259 3547 eturae,
273 3500 324 3552 qua
344 3481 478 3552 parietes,
492 3479 673 3551 clypeosque,
718 3501 778 3552 gen.
806 3483 881 3546 2234
901 3484 971 3535 Pers.
991 3484 1117 3552 Asparag.

161 3576 187 3615 et
210 3581 281 3613 arma
303 3562 404 3632 relique
428 3559 576 3622 ornabant,
599 3559 674 3630 quasi
719 3562 828 3615 Habitat
840 3563 867 3614 in
879 3565 994 3632 Europae
1005 3564 1126 3615 australis

160 3639 297 3709 cujusdam
308 3640 411 3692 tectorii
420 3640 487 3698 vice,
501 3656 568 3690 cerae
579 3640 675 3691 tenuis·
719 3641 806 3712 risque
821 3643 928 3711 sepibus
946 3655 971 3693 et
986 3642 1067 3694 silvis.
1085 3645 1128 3694 Eu

162 3722 235 3773 simoe
248 3732 362 3771 crustam
380 3719 517 3771 ooriumve
531 3716 674 3784 iuducere,
760 3743 786 3774 o.
807 3723 918 3774 Rosciam.
944 3721 996 3772 Seu
1020 3735 1132 3792 myrtuu

162 3819 219 3853 mos
229 3800 357 3850 Veterum
368 3797 674 3869 fuit,uuncantiquatus.
720 3813 799 3853 strena
809 3804 900 3872 ,cujus
912 3801 1035 3853 cauliculi
1046 3821 1132 3872 quoqu

163 3881 306 3932 Cereorum
328 3877 399 3930 nulla
414 3877 443 3929 fit
459 3879 566 3930 mentio.
583 3878 673 3932 Hsnn.
719 3881 836 3950 pientes,
846 3899 1030 3952 asparagorum
1044 3881 1124 3933 modo

201 3957 674 4029 L.rlamnam.Aliileguuttamnum,
719 3973 878 4024 sumuntur,
891 3973 920 4012 ut
934 3959 1052 4013 dicemus
1062 3961 1108 4014 lib.
1124 3963 1132 4012 l
