2670 4830
216 265 263 335 26
491 268 529 336 C.
555 267 726 338 PLINII
750 266 857 338 NAT.
883 268 1013 336 HIST.

177 417 192 469 3
212 402 303 469 enim
317 413 369 468 est
387 397 470 468 folio
488 413 632 493 angusto
647 423 742 494 poene
759 401 796 490 in
815 397 1037 494 capillamenti
1052 399 1203 469 modum.
1222 401 1285 470 Sed

212 504 326 574 vino¹⁷
350 506 434 575 mire
457 507 628 600 congruit,
647 508 814 600 praecipue
834 506 941 593 dulci;
958 507 1072 574 tritum
1096 505 1139 575 ad
1159 507 1286 577 theatra

213 598 416 705 replenda¹⁸.
432 612 543 682 Floret
552 611 575 650 ¹⁹
589 612 812 705 Vergiliarum
831 637 951 682 occasu
965 613 1080 706 paucis
1094 611 1228 699 diebus,
1243 612 1287 682 fo·

113 736 116 741 ’
213 717 357 813 licque²⁰
373 718 489 788 florem
508 717 650 813 expellit.
660 721 787 788 Viret²¹
804 720 981 806 bruma,et
994 717 1177 811 colligitur:
1192 720 1286 789 sicea·

214 827 303 893 tur²²
313 826 452 923 umbra,
470 825 587 908 melius
597 826 697 921 etiam
709 825 857 894 hiberna.
874 829 1025 895 Carnosa
1035 814 1059 852 ²³
1070 840 1104 893 et
1118 824 1164 893 illi
1180 825 1286 909 radix,

214 933 428 1026 vivaciorque
442 957 543 1026 quam
557 926 694 1000 caeteris.
712 932 846 1001 Gaudet
859 930 979 1001 calcari
1000 945 1034 1000 et
1050 923 1190 1015 atteri²⁴,
1212 956 1285 1026 per·

261 1129 305 1182 17.
319 1111 391 1163 Vino.
399 1110 457 1164 Hoc
468 1109 537 1162 illud
550 1121 589 1161 est
604 1109 729 1175 fortasse,
775 1109 892 1162 emittit:
908 1109 981 1169 Εὐθὺς
995 1103 1026 1160 di
1043 1108 1098 1179 ἅμα
1108 1115 1143 1179 τῷ
1154 1108 1233 1178 φύλλῳ
1247 1106 1286 1161 καὶ

216 1188 291 1262 quod
306 1188 379 1243 idem
388 1191 469 1261 paulo
481 1189 656 1260 explanatius,
668 1208 727 1260 cap.
775 1190 844 1252 ἄνθος
857 1192 921 1254 ὠθεῖ,
934 1184 1004 1241 δοκεῖ
1013 1187 1055 1240 καὶ
1067 1188 1191 1258 πρότερον.
1199 1187 1286 1240 tneo·

218 1273 252 1324 81
271 1289 278 1324 ε
292 1294 304 1317 ι
316 1271 372 1335 Qui
386 1287 496 1322 crocum
511 1270 587 1339 prius
600 1268 727 1332 biberint,
774 1271 874 1340 phrast.
886 1270 931 1322 Sic
943 1269 1024 1321 etism
1036 1267 1155 1320 Floreat.
1163 1267 1285 1337 inGeop.

214 1351 351 1421 crapulam
368 1368 425 1401 non
446 1349 587 1402 sentiunt:
606 1347 730 1402 ebrietati
774 1350 829 1414 XI,
846 1369 892 1420 ²7·
908 1350 1000 1402 Hinu.

215 1448 248 1482 eo
267 1430 402 1482 resistunt.
421 1453 432 1474 ι
456 1429 509 1480 Vel
535 1428 639 1500 potius,
661 1427 729 1480 dilui
820 1447 866 1481 ar.
884 1429 956 1480 Viret
968 1428 1069 1493 bruma,
1090 1438 1140 1479 etc.
1155 1425 1285 1497 Theophr

216 1527 295 1562 croco
305 1508 369 1561 trito
378 1505 518 1561 commode
528 1509 620 1560 vinum
631 1507 729 1573 innuit,
774 1508 826 1561 loc.
841 1508 885 1561 cit.
896 1509 987 1560 Hann.

217 1588 251 1640 sd
265 1588 367 1641 theatra
379 1586 515 1658 replenda.
527 1587 620 1640 Hann.
818 1588 991 1641 καδίσκων.
1000 1586 1154 1655 Diophanes
1162 1585 1285 1656 inGeop.

260 1668 304 1720 18.
319 1669 418 1737 Iritum
441 1667 476 1718 ad
493 1668 587 1718 theatra
607 1666 730 1737 replenda.
775 1667 831 1734 x1,
850 1666 886 1738 37
906 1686 912 1718 ε
931 1661 1090 1737 Διοφανὴςὸέ
1103 1684 1174 1735 φησιν
1194 1665 1232 1717 ὅτι
1247 1666 1284 1719 τὸν

217 1749 316 1800 Seneca
331 1746 488 1816 epist.›xcrz
513 1744 621 1798 «Hodie
641 1758 731 1799 utrum
775 1747 858 1817 κρόκον
884 1750 907 1800 ἐν
933 1750 993 1817 σκιᾷ
1018 1748 1064 1814 χρὴ
1093 1746 1186 1812 ψύχειν.
1207 1745 1286 1796 Hunc

217 1825 324 1878 tandem
349 1825 538 1896 sapientiorem
564 1838 661 1896 putas,
681 1826 731 1897 qui
775 1827 862 1898 ipsum
878 1827 1049 1896 Diophanem
1060 1825 1162 1877 Plinius
1171 1824 1285 1895 inhujus

216 1907 320 1977 invenit
332 1903 561 1976 quemadmodum
576 1906 605 1957 in
617 1905 731 1957 imnren·
775 1906 838 1959 libri
852 1904 942 1958 indice
955 1904 1045 1958 laudat
1058 1916 1205 1957 auctorem.
1218 1905 1253 1956 H.

215 2004 272 2038 sam
286 1984 450 2038 altitudinem
464 2001 574 2038 crocum
587 1985 731 2038 latentibus
817 1993 862 2039 αδ.
879 1986 998 2061 Carnosa.
1011 1985 1149 2054 Theophr.
1166 1984 1220 2037 loc.
1242 1982 1284 2043 ait,

214 2065 311 2118 fistulis
327 2066 474 2136 exprimat,
487 2077 556 2118 etc.»
574 2065 730 2135 Spartianus
775 2055 836 2127 ῥίζα
852 2062 881 2118 dl
896 2066 984 2130 πολλὴ,
993 2068 1035 2117 καὶ
1047 2059 1191 2134 σαρκώδης,
1205 2063 1248 2117 καὶ
1259 2064 1285 2119 τὸ

214 2145 242 2199 in
258 2144 415 2198 Hadriano:
433 2169 444 2192 ι
460 2146 493 2196 In
512 2145 645 2197 honorem
662 2144 731 2196 Tra·
775 2146 1035 2207 &archicatharum

138 2236 144 2245 ¹
213 2226 268 2294 jani
279 2226 394 2278 balsama
408 2237 435 2277 et
449 2242 559 2276 crocum
575 2241 624 2294 per
633 2222 731 2293 gradus
817 2232 862 2288 πά.
875 2224 977 2290 Gaudet
989 2225 1080 2275 calcari
1089 2235 1114 2274 et
1122 2225 1206 2277 atteri.
1219 2221 1286 2275 Nam

215 2305 312 2356 theatri
335 2303 420 2356 fluere
440 2304 554 2373 jussit.»
577 2302 659 2357 Brod.
681 2303 729 2357 lib.
775 2304 845 2357 foliis
856 2305 948 2358 attritu
962 2304 1097 2357 etcalcatu
1110 2301 1288 2373 corruptis,et

214 2384 251 2447 V,
262 2402 321 2453 cap.
338 2387 365 2436 6.
377 2383 517 2452 Tbeophr.
530 2383 578 2435 lib.
594 2380 628 2434 de
636 2383 732 2435 Odori·
774 2385 891 2448 necatis,
904 2395 991 2436 totum
1002 2383 1159 2435 alimentum
1171 2382 1200 2434 iu
1216 2379 1286 2435 radi·

216 2463 267 2514 bus
277 2481 284 2514 t
294 2456 499 2532 Ᾰὶλὰσυμῧαίνει
509 2470 544 2531 τῷ
556 2464 607 2515 ὄντι
618 2462 730 2533 καθάπερ
775 2483 834 2516 cem
848 2465 1008 2528 absumitur,
1019 2481 1078 2532 quae
1089 2480 1158 2514 auno
1168 2460 1287 2531 sequenti

214 2537 320 2612 ἥδυσμα
344 2543 453 2612 γίνεσθαι
481 2549 517 2611 τῷ
552 2542 658 2610 πώματι
684 2544 729 2600 τὴν
774 2544 889 2616 plenior,
908 2543 988 2596 flores
1007 2542 1098 2612 plures
1113 2554 1140 2594 et
1165 2541 1288 2594 meliores

213 2622 302 2692 ὀσμὴν,
321 2628 357 2690 τῷ
374 2622 418 2692 μέν
432 2641 461 2692 γι
479 2624 562 2691 γλυκεῖ
576 2623 618 2675 καὶ
636 2622 731 2692 μάλιςα
775 2622 831 2677 edit
843 2621 930 2678 :adde
946 2636 972 2674 et
987 2620 1061 2692 quod
1074 2621 1149 2674 radix
1159 2621 1287 2673 alimento

215 2696 326 2772 cleopatra)
340 2697 385 2754 διὰ
399 2704 427 2755 τὸ
445 2698 523 2768 μηδὲν
539 2704 611 2770 ἔχειν.
630 2702 730 2755 Seneca
775 2702 895 2775 turgida,
916 2701 990 2774 quod
1008 2703 1035 2754 in
1051 2701 1114 2753 folia
1130 2700 1287 2754 exhaustum

96 2774 118 2811 ’·’
215 2783 318 2847 Quaest.
335 2794 424 2835 natur.
440 2782 489 2834 lib.
513 2783 554 2846 Π,
574 2800 633 2853 cap.
647 2800 683 2851 9,
700 2781 731 2835 id
774 2802 830 2836 non
853 2794 908 2848 est,
932 2782 1035 2836 diutius
1052 2781 1128 2845 vivit,
1148 2793 1175 2833 et
1188 2779 1287 2834 tardius

214 2865 359 2932 sparsionem
385 2874 473 2915 vocat.
495 2865 598 2915 Dicae.
623 2895 665 2906 -
685 2861 734 2914 Ad
775 2862 916 2917 flaccescit.
943 2865 1045 2915 Dauno.
1065 2889 1105 2901 --
1129 2859 1240 2913 Gaudet.
1256 2861 1287 2912 Iu

198 2987 201 2992 .
216 2943 321 2995 theatra.
335 2942 526 3012 subintellige,
536 2943 667 3011 congruit.
680 2942 732 2994 Lu·
775 2943 853 2998 MSS.
868 2945 933 3013 neg.
952 2941 1038 3007 1',etc.
1056 2953 1080 2993 et
1097 2943 1170 2991 atteri
1183 2939 1288 3011 pedeque

216 3022 322 3086 cretius,
333 3022 377 3086 II,
394 3024 468 3084 416:
488 3022 544 3074 «Et
557 3040 642 3092 quum
654 3031 731 3076 s'cena
776 3024 866 3094 melius.
891 3023 986 3083 Forte,
1010 3032 1035 3072 et
1054 3023 1127 3071 atteri
1151 3020 1222 3089 pede,
1243 3038 1288 3092 quo

217 3119 296 3153 croco
320 3101 401 3152 Cilici
421 3101 528 3170 perfusa
543 3112 697 3153 recenseat.
715 3126 726 3146 »
775 3103 858 3153 melius
867 3104 989 3172 provenit.
1005 3100 1048 3154 Sic
1064 3099 1203 3169 Theophr.
1219 3100 1289 3152 Hist.

216 3182 252 3232 Et
262 3198 332 3250 aqua
352 3191 472 3244 crocata,
486 3198 539 3250 qua
554 3180 668 3232 Veteres
690 3179 731 3232 uti
775 3182 826 3246 VI,
839 3184 856 3232 6
869 3199 875 3234 :
890 3184 956 3234 Φιλεῖ
971 3177 1000 3233 δὲ
1016 3180 1057 3232 καὶ
1082 3183 1234 3245 πατεῖσθαι,
1246 3178 1288 3231 καὶ

214 3279 266 3330 pro
283 3277 389 3312 rosacea
410 3259 495 3323 soliti,
515 3271 542 3311 et
561 3259 654 3312 vinum
669 3277 730 3312 cro·
772 3261 868 3330 γίνεται
879 3261 982 3313 καλλίων
992 3256 1203 3330 κατατριῦομένκς
1213 3259 1287 3328 πιίτῳ

215 3353 314 3406 catum,
322 3352 350 3392 et
360 3357 453 3392 crocus
461 3357 510 3409 per
521 3339 730 3408 respergebatur
774 3344 817 3401 τῆς
823 3341 897 3412 ῥίζης.
906 3341 941 3393 At
947 3341 976 3392 in
983 3342 1015 3392 R.
1025 3359 1039 3392 a
1051 3351 1149 3402 tamen,
1154 3339 1288 3408 pereundo·

215 3421 245 3471 in
262 3420 380 3473 theatris.
396 3419 603 3472 H.-Martial.
616 3416 651 3470 de
666 3419 730 3489 Spe·
771 3416 828 3491 ique,
839 3421 892 3473 hoc
912 3432 965 3486 est,
981 3419 1046 3472 dum
1058 3419 1147 3489 perire
1167 3416 1287 3473 videtur.

215 3499 340 3563 ctaculis,
353 3500 437 3569 epigr.
447 3497 473 3561 3,
485 3518 512 3550 v.
526 3499 559 3550 8:
571 3524 582 3545 ι
591 3499 626 3550 Et
634 3498 730 3551 Cilices
765 3495 940 3565 'Quareaihil
951 3500 1101 3555 moveo.Ut
1112 3510 1144 3550 ut
1156 3511 1206 3563 est,
1214 3496 1289 3570 quod

214 3578 313 3631 nimbis
327 3579 374 3648 qui
387 3577 513 3630 maduere
523 3578 592 3642 suis;
603 3603 615 3625 ι
631 3595 730 3648 nempe
774 3580 929 3634 Veteresilli
937 3578 971 3632 de
981 3578 1290 3649 crocinaturacultuque

215 3657 312 3711 Cilicio
326 3659 479 3711 croco.En.
774 3660 898 3725 tradunt,
925 3677 1088 3731 magnopere
1116 3657 1251 3729 discrepat
1275 3676 1289 3709 a

259 3755 303 3805 19.
316 3737 409 3789 Floret.
420 3737 483 3790 Haec
504 3735 576 3808 apud
591 3737 728 3808 Theophr.
775 3738 968 3793 cousuetudine
983 3739 1071 3793 nostri
1090 3738 1230 3808 temporis,
1243 3756 1290 3790 cu·

214 3818 286 3871 Hist.
302 3818 357 3883 vl,
373 3821 401 3870 6.
419 3816 510 3871 Hauc.
557 3824 559 3833 '
773 3836 857 3891 raque
875 3838 956 3891 quam
976 3836 1050 3874 nunc
1075 3818 1103 3870 iu
1128 3836 1161 3870 eo
1189 3817 1290 3872 tuendo

257 3917 299 3949 ao.
313 3897 441 3969 Fob'oque.
454 3896 524 3952 Cum
541 3896 614 3951 lolio
633 3897 728 3952 darem
773 3899 866 3954 rustici
880 3900 1003 3954 homines
1016 3897 1154 3983 adhibent.
1167 3898 1290 3952 illinam-
