2670 4830
525 346 678 419 LIBER
702 342 809 415 XXI.
1151 347 1197 417 23

141 476 327 547 Sed‘oorum
349 500 484 570 quoque
510 501 606 546 error
625 477 844 572 corrigendus
870 492 937 565 est,
964 479 1019 571 qui
1051 479 1197 551 bacchar

139 585 283 652 rusticum
308 582 452 652 nardum
477 583 696 677 appellavere.
724 587 785 654 Est
809 585 897 653 euim
923 583 988 654 alia
1013 585 1118 655 herba
1151 588 1198 657 sic

135 691 377 784 cognominata,
395 712 495 783 quam
514 692 623 760 Graeci
636 689 773 759 asaron⁹
789 705 912 760 vocant
921 692 1040 785 ,cujus
1054 694 1198 787 speciem

133 794 333 889 figuramque
343 795 506 873 diximus
497 820 531 863 ιη
548 797 643 865 nardi
653 797 840 891 generibus.
855 797 1065 885 Quinimmo
1076 822 1198 869 asaron

131 902 254 970 invenio
272 903 411 971 vocitari
418 904 598 995 ,quoniam
613 904 647 971 in
663 902 836 973 cor¹⁰onas
852 927 922 971 nou
939 902 1090 973 addatur.

171 1011 287 1077 XVII.
320 1011 466 1077 Crocum
496 1007 644 1078 silvestre
671 1007 880 1104 optimum¹·
903 1033 1012 1077 serere
1042 1009 1227 1083 iultalia1

77 1116 80 1175 ἓ
128 1115 257 1213 minime
284 1114 437 1208 expedit,
458 1114 500 1182 ad
524 1115 667 1210 scripula
690 1141 795 1210 usque
820 1112 969 1208 singula²
987 1117 1072 1184 areis
1093 1116 1196 1189 deuo·
1270 1182 1279 1199 ,

125 1349 215 1403 usum
231 1368 239 1403 :
253 1348 340 1414 odor,
352 1351 535 1423 unguentique
549 1350 577 1405 in
592 1371 636 1406 ra·
679 1349 770 1416 lusa).
793 1352 903 1407 Habitat
922 1351 951 1404 io
975 1341 1103 1417 Or'ieute3
1124 1370 1197 1409 nuno

124 1428 177 1481 dice
186 1427 248 1496 dos.
259 1429 430 1483 -HoenSic
441 1429 520 1485 Mss.
532 1449 635 1487 omues.
679 1434 707 1485 iu
716 1433 802 1486 hortis
815 1432 851 1489 ob
865 1450 942 1485 usum
957 1432 1066 1485 colitur.
1083 1433 1137 1487 Eu.

125 1510 182 1580 lieg.
201 1508 289 1561 colb.
304 1520 355 1562 etc.
378 1509 455 1562 Libri
471 1529 535 1564 vero
556 1509 634 1574 editi,
721 1534 748 1566 η.
771 1511 884 1582 Scrt'pula
907 1532 980 1584 usque
1004 1512 1124 1581 singulo,
1145 1525 1196 1568 etc.

125 1589 170 1640 Nec
194 1591 247 1640 lroec
267 1600 324 1640 sunt
345 1600 447 1641 tautum.
476 1589 587 1643 salmas.
606 1591 637 1643 in
679 1595 755 1647 Areae
763 1592 873 1662 singulae
882 1591 1109 1664 vigesimaquarta
1119 1604 1195 1662 parte

125 1667 205 1723 Solin.
220 1688 249 1739 p.
268 1669 355 1733 1068,
374 1672 465 1731 nesah
477 1670 562 1741 ‚quasi
579 1668 651 1723 sen?
679 1673 769 1726 minus
789 1673 893 1725 fructus
911 1669 1031 1724 reddunt
1051 1690 1132 1744 quam
1147 1671 1198 1724 im·

125 1749 201 1801 tentia
208 1750 253 1812 sit,
260 1749 428 1801 combretum
440 1749 520 1803 nexui
531 1762 634 1802 tantum
679 1771 767 1823 pensae
778 1753 877 1804 factum
890 1762 938 1803 est.
950 1751 1111 1822 Scrupulum
1123 1751 1195 1822 vige-

127 1845 193 1891 esse,
209 1827 239 1881 id
260 1839 310 1892 est,
328 1826 363 1880 ad
376 1829 491 1882 corollas
508 1831 587 1901 necti.
601 1826 635 1881 Id
679 1832 746 1886 sima
758 1843 851 1904 quarta
867 1829 955 1884 uncio
971 1850 1033 1902 pars
1052 1842 1099 1883 est.
1111 1829 1196 1895 Quod

126 1925 183 1960 vero
206 1926 259 1960 nee
278 1927 355 1961 aures
376 1906 465 1970 latinae
485 1928 515 1962 ac
539 1922 635 1963 teretes
679 1911 701 1964 si
722 1911 755 1965 ad
773 1910 929 1969 drachmam
948 1908 978 1962 id
998 1910 1099 1981 exigas,
1116 1912 1193 1981 cujus

126 1987 218 2051 ferum,
229 2000 257 2040 et
264 1987 402 2057 seripturis
410 1989 635 2060 mentiaptissime
679 1991 836 2061 scrupulum
852 1989 929 2043 tertia
946 2008 1009 2060 pars
1028 2001 1082 2054 est,
1103 2008 1194 2043 sensus

126 2064 285 2120 adversatur.
301 2066 636 2140 Naminmedicinisprto·
680 2082 719 2124 est
744 2089 750 2121 :
772 2069 848 2122 tertia
876 2081 951 2140 parte
972 2070 1060 2122 minus
1088 2069 1194 2123 fructus

126 2158 190 2199 terea
203 2166 284 2218 quem
304 2164 382 2206 usum
399 2146 430 2200 id
450 2147 559 2213 habeat,
579 2149 636 2218 ipse
679 2149 885 2221 percipi‚quam
898 2149 1019 2217 impensa
1035 2149 1192 2203 constiterit.

127 2224 233 2280 iuferius
254 2224 396 2292 admonet,
425 2245 484 2299 cap.
509 2247 557 2298 77,
579 2247 635 2281 ηοη
679 2232 748 2283 Dan.
762 2258 803 2269 -
820 2229 868 2282 Ad
886 2228 991 2297 scripula
1010 2228 1194 2300 usqussingulo

128 2303 314 2374 igiturtantum
328 2307 357 2358 iu
369 2325 479 2361 coronas
493 2309 569 2363 utile.
580 2308 614 2360 H.
678 2313 741 2361 areis
755 2307 946 2381 decoquentibus.
968 2308 1027 2361 Hoc
1051 2307 1119 2379 quid
1137 2307 1190 2371 sit,
1271 2317 1275 2326 ‘

161 2405 187 2454 9.
204 2386 291 2440 Groeoi
303 2406 400 2441 osoron.
412 2386 505 2441 Servat
515 2406 632 2440 nomen
678 2390 766 2481 palam
788 2407 815 2441 se
840 2389 939 2441 fatetur
953 2386 1056 2441 nescire
1076 2388 1191 2446 ὁπιὶνυ.

127 2464 229 2517 Asorum
254 2467 410 2535 Europoeum.
437 2469 479 2519 De
502 2487 557 2540 quo
579 2470 635 2539 jam
678 2468 887 2541 inquinatissima
908 2485 962 2520 esse
982 2479 1085 2520 tantum
1107 2467 1191 2521 scire:

124 2540 167 2597 lib.
178 2546 252 2609 ΧΠ,
270 2563 328 2616 cap.
345 2549 392 2599 28.
411 2545 462 2598 Eu.
677 2567 764 2620 neque
775 2566 896 2618 ignorare
905 2545 1192 2619 quomodoexphcent,

163 2643 205 2678 10.
220 2626 366 2694 Quoniam'
356 2645 498 2693 rueorouas,
509 2639 561 2679 ete.
569 2629 635 2680 Asa·
677 2624 819 2698 legendum
836 2640 922 2680 antem
939 2627 1066 2692 omnino,
1084 2627 1120 2678 od
1130 2630 1192 2679 scri·

124 2704 634 2777 ronaparticulanegativanetooipttu
675 2709 735 2778 pulo
754 2727 827 2779 usquo
841 2707 939 2776 singulo
960 2710 1023 2758 areis
1042 2707 1189 2778 decoquens·

122 2801 237 2848 muare,
265 2803 387 2850 verrere,
415 2784 545 2839 mundare
569 2805 575 2838 :
601 2791 634 2857 γῆ
678 2801 723 2840 aut
745 2788 779 2839 ad
802 2787 908 2856 seripula
929 2805 1001 2856 usque
1028 2788 1054 2837 in
1068 2786 1192 2854 singulos

124 2867 255 2934 ontpops'su
284 2863 427 2918 Plutarcho
454 2866 483 2918 iu
514 2866 631 2929 Catone,
678 2868 789 2920 denarios
800 2867 940 2937 decoquens,
953 2862 987 2916 ad
996 2864 1080 2919 Solin.
1090 2868 1191 2936 p.1o6.
1249 2911 1252 2915 ,

122 2941 234 2997 floribus
252 2956 359 2997 ornatus
384 2964 446 3016 ager
470 2949 633 3018 ενεμομέιη,
678 2948 741 2999 Haec
752 2946 883 3016 posterior
897 2958 986 2997 tamen
1001 2945 1192 3014 conjecturaet

122 3040 233 3091 pascuus
249 3043 254 3076 :
268 3025 581 3096 antipops'su,sationalis,
590 3026 634 3077 vel
677 3024 816 3096 explicatio
842 3021 1004 3113 Dalecampii
1028 3020 1124 3075 eodem
1147 3041 1191 3074 re·

121 3103 270 3161 seminalis,
286 3123 406 3162 arvum·
428 3107 526 3176 ῥαινομέ
526 3126 572 3167 νη,
596 3105 633 3156 ri·
677 3103 777 3167 deunt,
799 3121 906 3195 nempe
920 3101 997 3154 tertia
1011 3115 1088 3172 parte
1102 3101 1191 3152 minus

121 3200 197 3251 gnus,
212 3196 264 3237 etc.
286 3185 356 3237 Diu.
372 3215 413 3224 --
430 3186 576 3268 Quoniam,
584 3196 632 3237 eto.
677 3185 813 3257 fructuum
834 3183 954 3254 percipi,
970 3200 1049 3253 quam
1071 3181 1191 3252 impensa

121 3262 255 3326 Quoniam
266 3281 380 3316 coronas
394 3283 450 3316 non
466 3277 550 3318 ornet.
566 3248 633 3317 hon·
678 3252 845 3328 constiterit;
855 3282 905 3333 pro
929 3262 1031 3329 tribus,
1059 3280 1118 3333 quae
1140 3260 1191 3313 iru-

121 3361 175 3409 ρος,
201 3361 257 3394 ηοη
282 3354 400 3399 ornatus.
422 3343 493 3398 Vide
518 3345 633 3397 Lexicon
678 3363 759 3414 pensa
773 3355 848 3406 sunt,
868 3341 982 3413 scripula
997 3337 1190 3395 tantumreddi

122 3421 309 3488 Constantini,
323 3435 350 3475 et
360 3423 456 3476 Voss.'
448 3443 476 3475 m
484 3425 573 3494 Etym.
587 3425 621 3476 H.
678 3421 1063 3480 bina.Haeomultisconsutare
1071 3436 1189 3490 possem:

158 3503 250 3554 xvtl.
267 3503 632 3575 acrocumstloesueopomum.
678 3503 725 3557 sed
748 3521 899 3574 quaeramus
928 3517 1034 3553 sensum
1062 3499 1189 3569 vulgatae,

122 3579 181 3632 Non
196 3580 308 3651 quidem
320 3595 414 3652 sponte
428 3601 633 3653 uasceus‚agre·
677 3602 757 3653 quam
785 3583 914 3651 integram
947 3590 1052 3632 servant
1083 3579 1191 3651 optimas

122 3671 173 3723 ste,
199 3661 381 3719 inurbanum,
406 3664 632 3726 exotieumuero,
678 3664 848 3715 membranae.
872 3659 963 3712 Primo
984 3677 1048 3709 areca
1063 3656 1128 3728 quid
1143 3657 1192 3710 ha·

122 3739 229 3793 aliunde
251 3742 396 3794 invectum.
413 3742 535 3795 Italicum
560 3743 631 3794 enim
676 3737 741 3795 berit
752 3739 871 3794 molesti?
886 3738 931 3791 An
944 3755 999 3790 non
1008 3737 1064 3808 ipse
1076 3737 1192 3791 restituit
1242 3764 1244 3771 ·

122 3817 286 3875 fructuosum
298 3834 324 3872 et
334 3834 510 3892 quaestuosum
520 3834 631 3875 nonest.
677 3823 725 3874 lib.
737 3821 821 3883 XIX,
834 3837 891 3888 cap.
913 3818 945 3881 8,
957 3828 984 3867 et
998 3836 1061 3869 vere
1073 3817 1190 3887 opinor:

123 3899 188 3952 Dan.
201 3933 242 3942 --
256 3901 372 3964 Crocum.
382 3903 429 3954 Est
445 3903 535 3954 Crocus
544 3906 633 3955 satians
681 3928 691 3949 ι
706 3898 826 3954 Carduos
847 3897 920 3968 apud
934 3896 1122 3969 Carthaginem
1133 3915 1192 3950 ma·

124 3969 242 4042 (Trsoud.
253 4001 350 4052 monog.
364 4001 423 4052 gen.
437 3983 474 4050 95
489 3983 561 4035 Pers.
571 3983 631 4034 Irid.
677 3998 771 4051 gnam,
801 3976 1008 4046 cordubamque
1039 3976 1191 4047 praecipuo,

996 4069 1032 4151 2⁴
