2670 4830
452 367 604 434 sinan
628 367 733 434 xx1.
953 313 960 318 ⁸
1081 347 1125 461 '37

50 499 128 570 illis:
140 521 211 593 quo
224 497 436 567 manifestum
448 513 498 567 est
513 512 628 592 postea
639 497 812 592 placuisse.
829 498 859 565 A
874 498 1000 567 Graecis
1016 512 1127 569 tamen

53 620 206 701 repertos
220 606 294 699 quis
312 604 464 673 dubitet:
481 629 552 673 non
571 603 667 673 aliter
684 601 780 671 Italia
796 619 978 698 usurpante
993 606 1128 674 nomina

54 710 212 783 illorum?
261 756 264 762 -
851 712 855 727 .
938 775 940 781 .

108 820 222 887 XXV.
240 821 286 885 At
302 815 463 887 Hercules
481 815 615 912 petilio¹
636 814 729 910 ipsa²
745 842 868 887 nomen
881 818 1057 911 imposuit,
1075 843 1130 887 au·
1152 856 1163 890 1

56 923 216 1012 tumnali,
233 924 387 1018 circaque
400 947 519 1018 vepres
535 924 699 1005 nascenti,
720 937 754 992 et
768 938 898 993 tautum
912 922 1024 993 colore
1035 949 1131 993 com·

57 1030 234 1114 mendato,
263 1031 320 1124 qui
354 1043 405 1098 est
434 1055 517 1099 rosae
545 1028 712 1118 silvestris.
747 1030 835 1100 Folia
863 1053 988 1124 parva,
1021 1033 1132 1124 quina.

58 1139 253 1231 Mirumque
273 1137 307 1204 in
326 1160 368 1204 eo
388 1135 490 1222 flore,
512 1136 636 1205 inllecti
655 1159 835 1222 cacumen,
856 1150 889 1205 et
906 1159 975 1204 non
994 1138 1058 1205 nisi
1078 1149 1132 1206 re·-

59 1257 149 1313 torto
177 1240 255 1311 folia
280 1243 394 1327 nasci,
426 1266 531 1337 parvo
551 1240 680 1336 calyce,
706 1267 747 1311 ac
767 1241 982 1328 versicolori,
1007 1240 1134 1311 luteum

60 1373 175 1419 semen
195 1347 396 1418 includente.
419 1333 565 1417 Luteus³
583 1362 617 1416 et
634 1346 734 1417 bellio
751 1348 1026 1443 pastillicantibus
1044 1350 1137 1443 quin·
1155 1387 1170 1420 ι

60 1458 223 1550 quagenis
243 1455 352 1549 quinis
375 1453 524 1524 barbulis
551 1468 743 1524 coronatur.
766 1458 942 1524 Pratenses
960 1455 996 1523 hi
1016 1455 1137 1538 flores,

61 1564 133 1631 sine
158 1586 221 1630 usu
248 1560 413 1655 plerique,
439 1575 472 1629 et
497 1560 572 1629 ideo
594 1561 664 1630 sine
685 1563 886 1633 nominibus.
913 1563 1006 1650 Quin
1030 1575 1064 1630 et
1087 1562 1139 1630 his

62 1669 142 1763 ipsis
161 1665 224 1736 alia
246 1667 300 1737 alii
320 1666 484 1736 vocabula
506 1669 694 1761 imponunt.

116 1776 247 1843 XXVI.
265 1772 509 1868 Chrysocome¹
521 1777 591 1843 sive
607 1773 780 1867 chrysitis,
800 1774 987 1841 nonhabet
1005 1772 1139 1842 latinam
1161 1809 1172 1844 1
1244 1788 1247 1799 “

62 1878 332 1976 appellationem.
352 1878 458 1949 Palmi
475 1877 665 1948 altitudine²
689 1894 760 1967 est,
779 1880 991 1949 comantibus
1011 1879 1141 1974 fulgore

63 1989 136 2056 auri
155 1987 340 2079 corymbis,
361 1986 474 2056 radice
489 1988 601 2080 nigra,
618 2011 658 2054 ex
676 1978 809 2055 austero
827 1985 936 2072 dulci,
954 1987 987 2054 in
1001 1988 1142 2080 petrosis

64 2093 244 2188 opacisque
263 2116 412 2162 nascens.
874 2116 878 2124 ·

118 2200 265 2268 XXVII.
280 2187 356 2290 (rx.)
375 2202 420 2268 Et
436 2198 504 2268 fere
517 2200 658 2293 peractis
674 2197 823 2270 colorum
839 2224 972 2293 quoque
994 2196 1138 2269 celeber·
1161 2226 1173 2259 ι

64 2308 176 2388 rimis,
204 2319 351 2374 transeat
373 2307 458 2374 ratio
476 2305 519 2373 ad
538 2329 592 2374 eas
613 2317 772 2388 coronas,
797 2330 869 2399 quae
891 2307 1049 2374 varietate
1071 2304 1141 2374 sola

28 2452 31 2463 =
65 2411 210 2506 placent.
228 2413 306 2480 Duo
327 2435 442 2480 earum
465 2435 601 2507 genera,
621 2411 755 2506 quando
775 2411 846 2480 aliae
865 2411 947 2481 flore
968 2426 1141 2496 constant,

105 2600 580 2654 XXV.1.Petilio.MSS.Il.Colb.Th.
665 2600 768 2653 XXVI.
787 2619 811 2652 1.
830 2598 1000 2672 Chrysocome,
1011 2604 1060 2651 sice
1074 2601 1142 2666 clary·

63 2679 173 2750 petellio.
192 2679 231 2732 At
250 2679 280 2732 in
299 2678 392 2733 Indice
401 2680 531 2752 petilium,
552 2681 581 2732 iu
624 2685 690 2746 sitis,
705 2699 753 2731 non
766 2679 822 2732 lrcb.
837 2680 881 2731 lat.
891 2680 980 2748 appell.
991 2682 1140 2752 Xpuecadpn

65 2771 141 2813 recto
155 2777 227 2812 casu.
241 2759 332 2813 Genus
346 2778 401 2812 esse
420 2779 490 2812 rose
502 2761 581 2812 silve·
627 2761 714 2813 Diosc.
722 2760 769 2811 lib.
781 2759 832 2823 IV,
843 2778 901 2830 cap.
912 2759 957 2812 55.
973 2759 1007 2811 Et
1016 2760 1044 2810 in
1057 2756 1140 2814 Notb.

66 2839 128 2892 stris
141 2836 262 2905 ridetur,
274 2839 319 2892 cui
335 2858 350 2892 a
366 2839 459 2892 Petilia
475 2840 585 2892 fortasse
628 2858 656 2910 p.
672 2839 726 2902 465
744 2841 916 2909 ῑχρυσοκόμη,
938 2840 960 2891 οἱ
973 2833 1002 2889 ll
1014 2841 1141 2906 χρυσῖτις,

65 2937 168 2972 nomeu
179 2916 294 2971 inditum
304 2930 353 2984 est,
363 2937 464 2989 magua
473 2918 585 2973 Grreciee
629 2920 651 2972 οἱ
665 2913 694 2969 dl
711 2917 893 2987 χροσοὶνθιμον,
907 2931 956 2968 etc.
975 2916 1091 2969 Galenus
1107 2918 1140 2971 de

67 2996 184 3070 oppido.
199 2997 234 3050 Η.
244 2998 447 3070 -Sprengelio
461 2999 538 3052 Germ
549 3003 584 3052 ri·
629 2998 691 3050 Fac.
703 2997 790 3066 simpl.
804 2994 875 3048 med.
887 2996 971 3058 VIII,
982 3014 1043 3066 pag.
1060 3002 1115 3058 πάι
1132 3016 1139 3049 ε

69 3079 122 3130 eale
130 3068 346 3148 (leocandpolyg.
355 3097 417 3148 geu.
427 3079 502 3142 1243
512 3079 584 3132 Pers.
628 3077 905 3146 Xpucoelpu,au>teiras
912 3071 941 3127 dl
949 3075 1142 3146 καὶχρυσίτης...

68 3149 267 3224 Rosac.Juss.);
288 3158 384 3211 Noster
404 3170 491 3211 tamen
511 3172 585 3212 autu·
629 3145 810 3226 iopatorlo'ta
827 3153 920 3226 βάρὸαι.
930 3156 986 3208 Nec
996 3155 1094 3208 vidisse
1102 3174 1143 3222 se,

70 3237 189 3290 mualem
202 3235 296 3290 florem
308 3256 363 3291 esse
377 3236 451 3290 dicit.
463 3239 515 3292 Eo.
629 3255 678 3288 nec
694 3254 769 3305 npsse
785 3253 843 3307 que
860 3237 908 3301 sit,
928 3235 1021 3289 scribit
1032 3235 1143 3306 Anguil-

113 3337 139 3368 α.
149 3317 216 3386 Ipsa.
227 3317 409 3370 Italianomeu
420 3318 512 3389 petilio
524 3316 586 3371 flori
629 3316 698 3380 lsra,
710 3315 781 3368 Part.
794 3316 872 3379 XIV,
887 3335 914 3385 p.
930 3319 996 3379 264.
1004 3314 1143 3368 Iliun.—

70 3393 155 3449 dedis.
175 3395 265 3467 Haeo.
632 3396 797 3460 Clrrysocome.
816 3396 924 3448 Nomen
942 3407 1045 3458 servat3
1064 3394 1144 3460 Clny-

113 3475 141 3528 3.
156 3475 254 3528 Lacteus.
267 3475 345 3527 Lutei
356 3476 466 3541 coloris,
481 3477 586 3548 inquit,
629 3495 721 3529 socome
730 3464 1143 3546 Linosyrr'slSyngen.aequabgen.

71 3553 191 3608 etbellio
209 3567 256 3606 est.
276 3555 337 3626 Ipsa
357 3557 434 3609 bellis
447 3556 517 3610 lutea
532 3569 586 3621 est,
634 3556 708 3608 1828
724 3555 797 3608 Pers.
811 3551 1023 3621 Carmelum).
1036 3553 1145 3609 Hshim

71 3652 152 3705 quam
162 3634 397 3708 chrysanthemum
405 3649 524 3706 segetum
534 3637 588 3689 Lo·
631 3635 659 3687 in
677 3637 787 3704 Europa
809 3632 1006 3703 temperatiore.
1026 3633 1068 3686 Cf.
1085 3635 1143 3688 Ce-

70 3713 159 3766 belius
170 3727 245 3766 vocet
255 3714 283 3766 in
295 3713 372 3767 Obss.
387 3734 414 3786 p.
429 3717 484 3784 298
496 3754 504 3780 ,
518 3727 545 3769 et
558 3714 586 3768 iu
630 3716 695 3785 sslp.
711 3714 781 3778 XII,
796 3712 846 3775 143
864 3712 990 3765 Colurnn.
1001 3713 1102 3784 Ecpbr.
1114 3715 1144 3776 I,

72 3791 162 3846 Adrv.
177 3813 204 3865 p.
225 3792 587 3865 237.Hs1su.-Clrrysaa·
635 3814 677 3847 ιο.
693 3793 808 3845 Miratur
824 3791 995 3861 Sprengelius
1013 3811 1072 3845 eam
1089 3795 1145 3846 Au·

74 3870 517 3946 tlremumsegetum(Syngensuperst.
527 3894 587 3947 gen.
632 3874 750 3945 guillarae
764 3873 880 3942 ignotam
896 3871 986 3924 fuisse.
1003 3873 1054 3926 En.

77 3955 151 4022 1879
168 3953 241 4008 Pers.
256 3954 391 4022 Corymbis.
405 3947 497 4024 lusa).
508 3955 589 4009 Habi-
676 3972 700 4004 2.
717 3953 799 4002 Palmi
812 3951 948 4003 altitudine.
963 3951 1148 4017 Dioscorides,
1259 4007 1266 4019 ‚

74 4045 113 4084 tat
129 4032 156 4084 in
172 4033 241 4104 agris
255 4034 381 4086 arenosis.
394 4035 447 4088 Eu.
632 4033 686 4085 loc.
696 4032 740 4085 cit.
753 4033 900 4103 Xpueom'pa
909 4031 1010 4101 bapsles
1025 4031 1077 4085 ἐστὶ
1090 4042 1148 4084 απι-

981 4126 1016 4206 3.
