2670 4830
161 366 204 436 52
429 369 470 436 c.
497 340 797 436 perunum.
825 367 955 436 nisu

123 516 139 571 t
160 515 196 568 ut
211 524 393 594 graecarum
412 500 595 569 litterarum
616 500 723 594 figura
742 503 787 567 ΑΙ
809 500 939 594 legatur
952 488 1148 594 inscripta¹⁸.
1166 506 1239 585 He-

158 606 376 701 liochrysos¹⁹
404 607 520 675 llorem
548 606 650 675 habet
678 631 760 674 auro
782 606 940 689 similem,
974 606 1089 675 folium
1118 623 1237 689 tenue,

159 711 359 783 ca'uliculum
381 738 512 808 quoque
532 712 707 806 gracilem,
722 712 779 780 sed
801 713 932 781 durum.
951 717 1025 782 Hoc
1033 711 1057 738 ²⁰
1073 696 1236 783 coronare

161 844 196 888 sc
212 821 325 913 Magi,
344 821 370 888 si
391 835 423 888 et
445 835 615 913 unguenta
632 816 839 887 sumantur²¹
859 844 900 887 ex
917 843 1021 905 auru,
1044 821 1134 912 quod
1158 846 1232 915 apy-

162 951 223 995 ron
237 924 260 949 ²²
276 940 418 1012 vocant‚
433 925 476 993 ad
497 927 636 1019 gratiam
652 949 786 1018 quoque
808 927 883 994 vitae
906 925 1111 1020 gloriamque
1131 929 1231 1022 pcrti-

162 1057 242 1100 nere
257 1032 471 1100 arbitrantur.
488 1036 532 1099 Et
546 1034 640 1098 verni
656 1031 788 1123 quidem
807 1031 905 1100 flores
924 1033 957 1100 hi
980 1048 1065 1101 suut.

130 1161 141 1193 1
197 1167 199 1172 ·
216 1141 378 1207 XXXIX.
399 1136 590 1206 Succedunt
608 1135 671 1204 illis
685 1136 833 1222 aestivi,l
857 1137 982 1221 chnis¹‚
998 1153 1031 1206 et
1049 1141 1142 1208 Jovis
1158 1140 1230 1224 llos,

163 1259 196 1314 et
209 1244 350 1315 alterum
364 1269 468 1339 genus
480 1242 536 1310 lilii
547 1241 570 1308 ².
584 1247 669 1310 Item
686 1244 825 1339 tiphyon
845 1297 854 1323 ,
875 1258 909 1314 et
925 1269 1117 1329 amaracus,
1136 1272 1229 1341 quem

163 1456 322 1525 hyacinthus
341 1455 387 1506 ille
400 1454 548 1517 Veterum,
568 1452 678 1524 peritio-
765 1473 810 1507 ar.
827 1452 857 1505 St
875 1466 899 1504 et
917 1468 1039 1524 unguenta
1060 1468 1186 1507 sumantur
1205 1477 1232 1508 er

165 1536 240 1588 ribus
251 1536 316 1587 viris
324 1532 553 1603 pronuntiandum
566 1532 681 1585 libenter
724 1551 792 1585 auro.
804 1533 980 1604 Theophrast.
1000 1536 1099 1589 Histor.
1113 1536 1162 1587 tib.
1180 1537 1230 1597 lx,

167 1615 358 1686 permittimus,
373 1613 425 1664 nisi
439 1613 500 1682 quis
514 1611 548 1665 ad
558 1611 681 1663 Linnaea-
725 1631 786 1682 cap.
796 1631 842 1666 ar.
854 1615 923 1665 Dan.

167 1713 228 1748 nam
253 1694 407 1764 opinionem
433 1691 539 1744 tandem
566 1691 682 1744 redeun·
768 1711 813 1743 υ.
840 1693 915 1761 Quod
936 1713 1034 1763 cypron.
1049 1693 1130 1759 Quod
1147 1697 1231 1767 ignem

168 1773 482 1831 ‹lumessecenseatAEm
725 1790 780 1843 non
796 1771 1094 1843 sitexpertum.Haan.
1151 1837 1155 1844 ν

212 1855 257 1906 18.
268 1854 396 1922 Inscrrpta-
413 1853 529 1904 Auctore
541 1851 652 1903 Pansan.
661 1852 684 1916 1,
765 1851 893 1904 XXXIX.
914 1871 938 1904 ι.
960 1855 1073 1915 Lychnis.
1098 1855 1231 1926 Theophr.

169 1932 305 1985 Salaminii
321 1930 447 1994 tradunt,
459 1943 519 2001 post
536 1931 625 2002 Ajacis
641 1931 682 1982 in·
726 1930 796 1982 Hist.
808 1931 861 1991 VI,
878 1949 893 2002 7
913 1952 919 1981 :
935 1931 974 1984 Τὰ
992 1929 1022 1985 (li
1036 1934 1116 2002 θερινὰ
1130 1938 1230 2005 μᾶλλον,

170 2014 296 2076 teritum,
316 2011 388 2082 apud
408 2029 436 2063 re
455 2011 574 2081 primum
588 2010 683 2062 florem
726 2010 770 2066 riri
782 2012 880 2078 λυχνὶς,
893 2011 935 2064 καὶ
945 2017 972 2065 τὸ
987 2015 1040 2072 Διὸς
1055 2013 1232 2073 neaeman.

171 2105 278 2146 enatum
293 2088 455 2154 candidum,
466 2089 571 2143 modice
585 2091 683 2142 ruben·
770 2109 794 2142 a.
811 2091 923 2143 Alterum
930 2111 1006 2161 genus
1015 2093 1070 2144 lilii.
1079 2093 1234 2165 Theophra·

172 2171 319 2237 tem‚lilio,‚
328 2185 354 2224 et
369 2171 451 2229 foliis,
461 2183 487 2222 et
497 2171 554 2221 aliis
565 2170 685 2240 partibus
727 2182 783 2221 stus
793 2171 881 2223 statim
894 2185 953 2242 post
968 2172 1043 2225 Jovis
1058 2171 1152 2226 florem
1169 2165 1234 2236 thie

172 2249 472 2321 minorem,inscriptum
480 2247 572 2301 iisdem
581 2249 684 2309 litteris,
726 2250 806 2319 vulgo
822 2251 953 2321 aquilegia
969 2249 1089 2313 dicitur)
1106 2256 1234 2305 cerinthum
1256 2314 1259 2321 ,

172 2332 270 2403 quibus
285 2335 312 2384 et
321 2328 507 2402 hyacinthum.
524 2330 684 2381 Cosmoran·
727 2340 753 2380 et
764 2329 860 2402 iphyon,
872 2343 908 2383 ut·
917 2349 968 2399 pro
983 2332 1104 2384 cerintho
1116 2332 1237 2387 videatur

172 2410 253 2464 daton
267 2410 389 2463 Athenaei
399 2427 454 2461 esse
468 2420 540 2477 puto.
557 2409 623 2460 Dat.
726 2407 839 2462 alterum
850 2429 934 2481 genus
951 2409 1000 2461 lilii
1015 2412 1130 2464 vertisse.
1148 2415 1216 2466 Dan.

217 2509 262 2560 19.
276 2490 454 2558 Heliorhrysos.
466 2487 604 2556 Theophr.
615 2487 682 2539 Hist.
769 2488 794 2541 3.
809 2492 871 2542 Item
893 2491 1001 2560 tiphyon.
1019 2492 1159 2562 Theophr.
1176 2496 1236 2546 loco

71 2584 74 2593 ·
173 2571 223 2633 ΙΧ,
242 2560 683 2642 οιτιὲχειδὲὸἑλοιοχρυοοςτὸμὲν
727 2568 771 2620 cit.
795 2583 820 2622 et
842 2589 873 2622 ex
889 2589 921 2622 eo
935 2570 1084 2636 Athenaeus,
1097 2573 1161 2637 XV,
1176 2591 1234 2644 pag.

173 2653 242 2711 ἄνθος
257 2645 414 2720 χρυσοειδές,
437 2647 521 2717 pilam
540 2643 569 2698 tt
594 2649 683 2698 λυπτου
728 2652 784 2716 679
800 2667 807 2701 τ
826 2650 877 2703 Καὶ
890 2653 918 2701 τὸ
933 2650 1009 2718 ἷρυον,
1029 2648 1072 2702 καὶ
1085 2654 1097 2703 ὃ
1110 2652 1236 2723 ἀμάρακος

173 2722 369 2800 (nuntiorum),
388 2727 485 2780 καὶτὸν
501 2728 587 2779 καυλὸν
601 2721 631 2779 ‹li
643 2735 683 2779 λε·
727 2729 862 2799 ὄΦρΰγιος,
885 2729 917 2780 Iu
933 2728 1010 2781 MSS.
1026 2732 1092 2800 Reg.
1114 2745 1141 2783 et
1158 2733 1235 2786 Colb.

75 2804 77 2808 ¹
171 2805 684 2878 urrinnaicalapiuNomeneiagemiua
730 2809 834 2877 Tiphon.
861 2811 893 2861 In
921 2806 1030 2869 Indice,
1061 2811 1183 2882 Tiphyon.
1205 2814 1235 2864 lu

97 2909 99 2916 ·
172 2902 317 2945 caucanet
329 2889 362 2941 ab
375 2905 458 2940 aureo
474 2884 550 2949 flore,
566 2899 591 2938 et
606 2905 621 2937 a
636 2904 683 2956 pa·
726 2887 857 2952 Thuano,
884 2892 962 2958 imon.
983 2888 1161 2959 Theophrast.
1181 2895 1235 2961 ipse

171 2969 295 3034 ludihus,
314 2969 342 3021 in
368 2968 467 3038 quihus
490 2967 584 3018 oritur.
609 2965 684 3019 Hanc
726 2967 880 3029 Histv11,
903 2986 949 3032 12,
962 2970 989 3020 τὸ
1006 2971 1086 3038 τὶρυον
1105 2972 1236 3043 scripsisse

170 3050 299 3104 amaranti
313 3049 421 3111 nomine
443 3045 560 3098 Galenus
579 3046 683 3098 intelle·
726 3045 841 3100 videtur.
865 3050 899 3100 Et
924 3046 960 3099 de
976 3048 1066 3100 Causs.
1091 3051 1121 3114 1,
1146 3052 1235 3116 ιο,τᾰ

170 3131 225 3194 xit,
245 3147 295 3181 nec
309 3129 386 3180 aliter
402 3125 519 3184 vocavit.
536 3125 622 3193 Hujus
637 3145 683 3178 co·
726 3126 807 3196 τίρυοι.
817 3126 890 3192 Quid
905 3128 937 3179 sit
949 3132 1030 3196 porro
1041 3128 1173 3200 tiphyon,
1188 3149 1233 3183 ne·

170 3198 280 3283 rymbos
294 3206 401 3269 rustici,
418 3218 447 3257 ut
463 3204 510 3275 qui
528 3221 583 3255 non
606 3204 683 3257 facile
725 3205 773 3257 ecit
784 3207 946 3276 Anguillara,
962 3207 989 3258 P.
1004 3208 1074 3272 XII,
1088 3228 1151 3278 pag.
1171 3229 1234 3272 οη,

145 3322 148 3327 ·
171 3299 350 3350 marcescant,
368 3282 401 3336 ud
413 3284 682 3337 hibernasrenervant
724 3302 814 3355 neque
835 3303 884 3337 uos
906 3286 1071 3356 exploratum
1099 3289 1233 3343 habemus.

131 3383 134 3395 ·
168 3387 289 3423 coronas.
317 3368 339 3416 Α
362 3361 502 3416 Dodonaeo
517 3361 638 3431 pingitur
654 3381 681 3432 p.
726 3360 815 3416 linito.
839 3396 879 3425 -,-
901 3366 1018 3434 Tipltyon.
1041 3369 1066 3419 J.
1082 3369 1182 3422 Bodaeo
1198 3382 1234 3422 est

171 3455 236 3518 267.
255 3447 381 3500 Dicemus
401 3441 482 3494 deca
504 3440 600 3491 iterum
621 3459 680 3510 cap.
723 3444 853 3497 narcissus
869 3445 995 3515 persicus.
1011 3447 1084 3499 Clus.
1101 3450 1184 3502 Bana.
1197 3480 1234 3492 -

167 3519 681 3597 philiam-Nohisesthaplralinm
724 3513 792 3593 lpum
814 3543 859 3577 seu
880 3525 959 3595 τίρυον
980 3527 1119 3597 'l'heophn
1132 3530 1186 3594 VI,
1209 3533 1235 3591 6,

165 3607 281 3666 Stoeclias,
294 3617 324 3657 ut
336 3599 552 3672 supradiximus,
565 3617 622 3669 cap.
634 3609 679 3665 ²4·
724 3617 763 3656 est
776 3605 919 3658 Lavaadula
933 3605 1006 3675 Spica
1019 3604 1099 3672 (Did.
1108 3628 1235 3678 grmnmp.

164 3688 255 3758 Vulgo
267 3682 406 3737 immortelle
415 3679 560 3751 appellant.
575 3681 626 3731 Eu.
723 3701 782 3754 gen.
803 3683 876 3754 1379
889 3686 961 3737 Pers.
978 3687 1074 3738 habiat.
1087 3684 1187 3753 June),
1204 3707 1234 3739 ex

206 3786 249 3818 ao.
268 3765 332 3815 Hoc.
359 3760 497 3831 Theophr.
528 3759 577 3810 loc.
605 3761 677 3814 citat.
723 3765 878 3816 auctoritate
892 3765 1034 3834 Hesyrhfi,
1053 3767 1098 3837 qui
1116 3768 1149 3819 ad
1168 3770 1235 3820 hanc

160 3843 263 3909 Εὐδοξοῖ
282 3839 311 3895 ll
326 3842 369 3895 καὶ
384 3840 424 3893 lain
442 3860 479 3899 τις
491 3843 534 3890 τοῦ
557 3839 675 3911 ὗλειοχρύ-
721 3843 814 3896 nocem
826 3839 983 3908 tacentur,
997 3843 1089 3908 idest,
1107 3846 1235 3901 lavandu-

159 3947 202 3979 σου
218 3934 253 3996 τῷ
272 3924 337 3975 ἄνθει
351 3924 518 3989 ςοραυοῢται,
540 3920 606 3991 μύρῳ
626 3923 676 3991 pal·
719 3921 772 3974 lam
787 3921 862 3975 dicit.
875 3923 916 3975 cf.
933 3923 1000 3976 Bod.
1012 3924 1046 3977 ad
1057 3927 1234 3997 Theophrast.

157 4029 201 4060 νωυ
217 4009 245 4059 ἐκ
257 4003 355 4072 χρυσίου
368 4000 470 4069 ἀπύρου.
489 3995 579 4050 Haut).
719 4021 746 4070 p.
763 4004 828 4069 669.
845 4001 967 4055 Srnnno.
