2670 4830
224 215 271 286 28
475 220 537 288 'C.
564 212 863 291 PLINII'NAT.
889 215 1023 285 HIST.

221 363 256 418 et
274 360 412 419 crocum
428 349 637 438 odoratiora,
654 377 759 446 quum
777 349 1038 431 serenisdiebus
1055 344 1233 442 leguntur:
1253 363 1302 420 et

221 454 354 523 οιιιιιὶιι9
376 457 410 524 in
431 456 563 544 calidis,
592 482 693 552 quam
710 461 745 526 in
767 455 903 550 frigidis.
926 457 968 522 ln
985 447 1164 548 AEgypto¹⁰
1180 456 1300 524 tanic'n

221 562 358 630 minime
376 561 507 631 odorati
530 563 650 648 flores,
680 566 758 658 quia
778 560 957 630 nebulosus
982 575 1015 628 et
1035 556 1299 630 roscidus¹¹<acr

221 680 272 749 est
294 691 314 734 a
337 666 412 751 Nilo
431 669 576 737 flumine.
600 668 832 758 Quorumdam
852 668 1007 736 suavitati
1027 669 1173 759 gravitas
1196 668 1294 736 inest.

220 772 383 861 Quaedam
391 771 426 857 ¹²,
445 774 525 842 dum
542 764 667 860 virent,
684 800 754 844 non
772 774 880 852 olent,
895 787 1033 867 propter
1048 773 1223 841 humorem
1240 775 1292 841 ni·

205 879 325 947 mium
341 904 349 947 ε
373 893 410 947 ut
423 881 585 963 bacmos,
599 880 691 974 quod
704 895 754 950 est
766 879 878 948 fenum
893 903 1048 973 graecum.
1065 881 1192 948 Acutus
1207 877 1292 947 odor

185 1004 202 1056 3
214 1005 290 1053 non
311 987 461 1054 omnium
481 989 551 1054 sine
572 1011 672 1057 succo
691 1002 761 1073 est,
777 1000 815 1054 ut
832 983 946 1067 violae,
965 1009 1063 1069 rosae,
1079 1008 1190 1053 croco.
1205 986 1290 1107 Quae

128 1136 133 1143 ‚
217 1114 298 1163 vero
314 1117 354 1160 ex
373 1093 478 1161 acutis
495 1116 595 1161 succo
612 1107 744 1179 carent,
760 1117 876 1160 eorum
895 1093 1045 1159 omnium
1064 1089 1150 1158 odor
1169 1092 1287 1184 gravis,

217 1199 309 1265 utin
331 1184 431 1266 liti0¹³
451 1199 621 1292 utriusque
645 1200 785 1294 generis.
804 1183 1048 1266 Abrotonum¹⁴
1066 1209 1099 1264 et
1117 1220 1285 1266 amaracus

118 1334 131 1392 j
171 1304 174 1311 ’
218 1327 311 1373 acres
325 1303 594 1374 habentodores.
609 1289 875 1393 Quorumdam¹⁵
890 1302 952 1372 llos
969 1316 1098 1371 tantum
1109 1300 1283 1394 jucundus,
1322 1314 1327 1381 ἶ

129 1407 134 1419 ’
218 1408 351 1503 reliquae
373 1425 483 1540 partes
508 1413 658 1505 ignava,
678 1426 717 1480 ut
734 1409 829 1480 violae
855 1434 893 1478 ac
913 1434 1008 1478 rosae.
1031 1411 1281 1478 Hortensiorum

217 1501 477 1584 odoratissima²6
497 1542 570 1610 quae
585 1519 693 1586 sicca:
714 1532 751 1585 ut
771 1531 867 1601 ruta,
886 1530 996 1585 menta
1000 1516 1150 1608 ,apium,
1168 1529 1281 1611 etqua

128 1673 130 1676 Α
216 1621 252 1688 in
276 1623 372 1691 siccis
393 1638 581 1692 nascautur.
606 1622 809 1712 Quaedam¹⁷
834 1613 998 1691 vetustate
1023 1621 1228 1707 odoratiora,
1249 1633 1327 1693 ut
1325 1706 1327 1715 Ι

256 1861 283 1911 9.
297 1845 334 1896 Et
342 1847 431 1897 omnia
439 1845 579 1916 Theophr.
589 1844 624 1900 de
634 1847 726 1900 Causs
818 1846 863 1902 13.
880 1847 911 1898 In
928 1847 988 1899 litto.
1008 1841 1079 1894 Albo
1086 1843 1190 1914 quod
1202 1845 1279 1916 λείριον

214 1923 273 1984 vl,
294 1944 339 1978 aa.
353 1924 443 1977 Hann.
774 1927 876 1992 Graeci,
890 1939 916 1979 et
931 1927 1044 1978 rubente
1062 1882 1136 1991 qiaod
1150 1925 1281 1995 »plurivo-

172 2063 174 2066 Α
258 2020 300 2055 ιο.
324 2003 355 2056 In
382 2004 505 2076 AEgypto.
535 2005 673 2077 Theophr.
695 2005 729 2059 de
775 2018 856 2072 cant,
870 2018 900 2059 ut
913 2004 1069 2058 diximuse.
1090 2023 1134 2057 11.
1148 2002 1281 2074 Theophr.

216 2081 308 2136 Causs.
317 2083 368 2148 VI,
382 2101 462 2152 ²7:-
451 2086 503 2137 «In
511 2089 627 2156 AEgypto
638 2085 728 2148 flores
773 2084 808 2140 de
822 2046 915 2139 cion
934 2086 983 2148 IV,
1004 2098 1062 2136 21:
1087 2073 1144 2138 ὅσα
1160 2078 1192 2136 δί
1205 2084 1327 2136 christ
1323 2114 1327 2161 3

214 2175 458 2233 coronamentaque
492 2163 637 2218 deterrima
670 2166 728 2217 lere
774 2167 808 2238 μὴ
821 2166 927 2234 εὔχυλα,
933 2166 1010 2218 καὶέν
1025 2167 1080 2224 ταῖς
1093 2165 1184 2234 ὀσμαῖς
1199 2162 1282 2234 ippul·
1322 2180 1327 2191 ·

215 2242 336 2294 omniurn
356 2256 535 2312 generantur:
553 2245 615 2314 quia
634 2246 728 2298 caelum
774 2266 808 2299 νει
821 2248 851 2316 γέ
869 2262 925 2298 τινα
935 2245 1064 2315 βαρύτητα
1076 2244 1186 2313 καθάπερ
1200 2245 1229 2295 τὸ
1240 2241 1283 2323 rapi·

214 2321 388 2390 caligrnosum
399 2340 429 2374 ac
445 2321 582 2377 roscidum
594 2336 669 2378 cst
696 2314 727 2377 ltu
772 2345 830 2389 νον,
852 2324 893 2378 eal
909 2325 937 2376 τὸ
952 2326 1053 2396 λείριον,
1067 2318 1327 2392 columnarium
1325 2338 1327 2349 ·

214 2402 339 2471 Αἰγὺππῳ
352 2401 399 2474 γὰρ
409 2403 459 2471 χείρ
462 2422 505 2462 ιςιι
515 2402 549 2455 τὰ
564 2403 633 2469 ἄνθη,
644 2403 728 2456 καὶτὰ
772 2405 878 2466 τούτοις,
886 2404 975 2457 Hann.

215 2480 433 2552 exspetamus
422 2502 454 2541 ως
473 2483 558 2535 εἰπεῖν·
583 2483 620 2535 ὅτι
644 2484 695 2535 δ’
682 2484 727 2555 clip
817 2489 860 2546 14.
874 2485 1034 2536 Abrotonum.
1053 2480 1232 2552 Theophrast.
1253 2458 1327 2534 (le

215 2555 448 2630 turgtniiuouult*
448 2559 688 2630 ροσοΕοΊ.ος.Ηιιιι).
761 2564 863 2616 Causs.
875 2564 931 2622 vl,
949 2584 1001 2625 aa,
1015 2582 1042 2633 p.
1060 2562 1126 2632 378.
1138 2558 1234 2614 Ηιιιι).
1247 2591 1283 2602 -

259 2657 302 2691 ιι.
326 2641 393 2710 Quia
410 2641 536 2693 nebulosus
558 2654 582 2693 et
605 2643 728 2709 roscidus,
772 2643 924 2696 Abrotonum
933 2655 957 2693 et
965 2640 1284 2704 amaracus.Abrotonnm,
1324 2644 1327 2675 ¹

215 2731 266 2771 etc.
280 2719 342 2772 Non
356 2721 487 2774 consentit
500 2721 557 2774 hoec
577 2722 646 2774 ratio
666 2741 728 2775 cnm
773 2721 930 2794 Sprengelio
955 2720 1063 2794 judice,
1089 2733 1128 2773 est
1157 2718 1284 2771 Santolr'no
1325 2728 1327 2733 '

214 2816 247 2850 eo
268 2797 344 2871 qnod
366 2799 471 2870 scripsit
488 2801 536 2855 lib.
550 2802 587 2867 V,
616 2821 676 2873 cap.
692 2819 727 2870 9:
773 2803 1000 2873 claamaecyparissns
1025 2799 1175 2869 (Syngenes.
1197 2798 1283 2871 oeqnal.

213 2877 325 2944 Nilum,
346 2899 433 2933 unum
446 2881 568 2934 omnium
585 2882 671 2934 nullas
681 2901 728 2934 au·
772 2881 913 2952 gen.1833
925 2883 997 2935 Pers.
1006 2880 1119 2953 Corymb.
1129 2874 1222 2945 luas),
1231 2896 1284 2931 non

212 2976 255 3011 ras
269 2959 728 3032 exspirare‚quodetLipsiusanim·
772 2962 905 3014 Artemisia
919 2961 1086 3022 Abrotonum,
1109 2970 1139 3011 ut
1157 2958 1215 3010 vult
1230 2960 1283 3009 An·

212 3036 327 3090 advertit
342 3037 389 3089 lib.
405 3039 433 3089 II
439 3039 597 3103 variarum,
610 3040 728 3092 Plinium
772 3041 902 3111 guillam,
911 3058 972 3110 pag.
988 3042 1284 3093 murmuratorum

213 3134 338 3170 excusare
348 3129 468 3183 conatus,
478 3117 525 3170 sed
539 3119 659 3188 aequiore
669 3119 726 3171 ani·
775 3120 911 3190 origanum
931 3120 1113 3190 Majoranoides
1129 3112 1283 3188 (Didynam.

213 3214 277 3260 mo,
291 3215 371 3267 quam
398 3199 470 3266 justa
492 3216 579 3250 causa.
599 3200 669 3250 Dan.
688 3230 726 3241 --
769 3196 1282 3270 gymnospermgen.1401Pcrs.Labiat.

213 3276 241 3328 A
251 3277 321 3330 Nilo.
333 3277 366 3328 In
379 3277 444 3346 Reg.
462 3295 487 3341 r,
500 3297 518 3328 a
529 3276 603 3329 multo
607 3279 727 3348 flamiam·
771 3275 863 3342 Jnss).
875 3280 927 3331 En.

209 3356 278 3425 Reg.
298 3376 328 3420 a,
343 3377 359 3407 a
373 3357 448 3409 multo
461 3357 574 3428 flumine.
595 3357 691 3411 Nullus
711 3378 727 3408 a
815 3358 860 3412 15.
888 3357 1061 3428 Quorumdam.
1085 3355 1226 3427 Theophr.
1250 3353 1284 3407 (lc

212 3435 282 3487 Nilo.
297 3435 388 3489 llann.
771 3437 862 3492 Causs.
873 3439 930 3502 VI,
945 3439 990 3503 15,
1005 3457 1034 3508 p.
1050 3436 1115 3506 369.
1130 3436 1225 3507 Ηιιιι).

257 3529 299 3567 12.
329 3516 458 3584 (Juoedam.
484 3515 661 3586 Theophrast.
692 3514 725 3568 de
765 3577 767 3581 y
814 3522 859 3572 16.
890 3519 1074 3569 Hortensiorum
1106 3515 1283 3567 odoratissima.

213 3593 304 3647 Causa.
316 3594 372 3659 VI,
395 3614 449 3651 on:
475 3592 609 3666 Zopssuian
631 3591 662 3648 δὲ
683 3595 725 3650 καὶ
770 3596 869 3650 Iisdem
888 3597 975 3650 verbis
988 3595 1127 3666 Theophr.
1142 3592 1177 3648 de
1193 3594 1285 3647 Causa.

211 3679 261 3725 τῶν
275 3668 380 3726 comior
395 3677 455 3740 ἔνια,
468 3673 551 3747 χλωρὰ
564 3675 606 3746 μὲν
620 3676 680 3728 ὄντα
690 3676 724 3746 μὴ
769 3677 827 3743 vl,
843 3694 896 3740 aa,
911 3696 939 3746 p.
951 3674 1014 3746 377.
1030 3676 1122 3728 Hann.

212 3748 379 3814 ὄζεινδιάτὴν
390 3752 726 3827 sappirum-immutarem,
816 3773 858 3826 ¹7·
883 3755 1012 3824 Quodam.
1025 3753 1206 3826 Theophrast.
1222 3752 1284 3807 loco

211 3832 324 3905 καθᾶπιρ
339 3833 417 3898 ἄλλα,
433 3835 513 3889 καὶτὸ
530 3837 656 3907 βιὺκιρας.
671 3835 705 3890 Η.
772 3835 862 3890 citato.
877 3833 967 3890 Haan.
