2670 4830
167 335 209 406 16
322 326 329 345 ·
438 305 956 404 nummularium.

162 468 231 557 Qui
245 490 430 562 praecocem
443 451 816 560 faciunt³⁴‚pedalicirca
828 463 971 531 radicem
986 465 1104 533 scrobe
1114 488 1233 558 aquam

162 571 303 644 calidam
321 571 523 658 infundunt,
539 574 725 666 germinare
744 571 922 664 incipiente
941 569 1062 664 calyce.

129 729 140 759 1
215 683 277 750 XI.
292 667 359 772 (v.)
376 677 497 747 Lilium
514 703 597 748 rosae
619 676 790 747 nobilitate
809 678 998 770 proximum
1017 668 1084 763 est,
1101 691 1135 746 et
1149 700 1235 770 qua-

161 787 238 856 dam
258 786 456 880 cognatione
473 785 636 878 unguenti
657 783 803 877 oleique,
819 782 909 876 quod
928 780 1070 852 lirinon1
1090 782 1235 877 appella·

73 885 76 891 ’
162 909 228 962 tur.
252 896 298 962 Et
322 888 547 1010 impositum²
562 891 662 958 etiam
689 891 832 958 maxime
859 913 951 958 rosas
980 888 1093 976 decet,
1124 890 1235 960 medio

161 1013 328 1119 proventu
349 1021 463 1065 earum
483 996 654 1090 incipiens.
676 996 748 1065 Nec
770 994 828 1064 ulli
843 995 964 1064 florum
977 995 1149 1065 excelsitas
1166 1020 1235 1065 ma-

158 1107 229 1199 jor,
249 1103 415 1173 interdum
439 1102 630 1172 cubitorum
649 1103 768 1188 trium,
791 1100 950 1204 languido
977 1126 1124 1232 semper
1128 1101 1235 1189 collo,

161 1227 196 1281 et
209 1236 277 1280 non
291 1209 476 1280 sufficiente
496 1210 612 1302 capitis
625 1210 727 1278 oneri.
745 1207 919 1277 Candor
892 1233 962 1302 ejus
975 1193 1137 1296 eximius³‚
1155 1208 1237 1278 foris

162 1319 284 1404 striati,
299 1331 333 1384 et
347 1317 389 1383 ab
399 1316 559 1409 angustiis
573 1316 608 1383 in
621 1314 828 1385 latitudinem
837 1313 998 1409 paulatim
1015 1339 1085 1384 sese
1096 1263 1237 1385 lairantis

161 1424 271 1517 effigie
283 1420 422 1505 calathi,
441 1422 606 1515 resupinis
622 1446 682 1517 per
700 1421 862 1491 ambitum
877 1419 996 1508 labris,
1007 1421 1164 1514 tenuique
1177 1420 1236 1490 filo

161 1546 195 1600 et
213 1530 355 1612 semine,
375 1528 537 1605 stantibus
560 1530 594 1596 in
613 1528 724 1596 medio
750 1529 866 1596 crocis.
888 1529 941 1595 Ita
960 1526 1055 1615 odor,
1077 1525 1236 1622 colorque

161 1635 285 1732 duplex
303 1649 336 1703 et
347 1631 429 1702 alius
445 1632 586 1727 calycis,
602 1632 685 1703 alius
699 1635 865 1720 staminis,
879 1632 1067 1702 differentia
1083 1648 1234 1728 angusta.

126 1747 201 1830 ln
214 1742 374 1836 unguenti
388 1765 469 1808 vero
483 1739 612 1834 oleique
628 1766 706 1821 usu,
722 1756 756 1809 et
774 1738 852 1808 folia
864 1764 932 1808 non
947 1754 1160 1876 spernuntur.
1174 1743 1236 1810 Est

161 1850 222 1918 llos
239 1872 308 1916 non
324 1845 491 1914 dissimilis
511 1845 611 1915 illim
629 1847 735 1915 herba
742 1871 872 1940 ‚quam
889 1833 1146 1914 convolvuluml
1168 1871 1233 1916 vo·
1251 1853 1256 1860 “

160 1969 252 2042 cant,
279 1977 424 2021 nascens
437 1977 497 2045 per
518 1938 812 2039 f1·utecta⁵,nullo
830 1951 951 2040 odore,
969 1977 1030 2021 nec
1055 1953 1163 2021 crocis
1184 1953 1234 2020 in·

203 2138 249 2200 34.
268 2137 319 2206 Qui
333 2138 465 2206 proe'cocem
479 2136 587 2204 faciunt.
606 2137 673 2190 Pell.
718 2141 800 2189 striati
819 2148 844 2187 et
864 2137 895 2187 ab
910 2138 1066 2206 angustiasin
1080 2135 1232 2188 latitudinem

159 2217 242 2270 IIIin
258 2216 385 2267 Februar.
401 2227 422 2268 t.
435 2234 494 2268 21:
523 2217 572 2269 ·si
587 2235 674 2269 rosam
715 2217 835 2287 paulatim
846 2237 895 2268 sesa
909 2217 1016 2268 laxantis
1032 2213 1113 2286 effigie
1127 2216 1234 2280 calathi,

159 2296 304 2367 temperius
327 2294 427 2346 habere
449 2293 579 2362 volueris,
604 2295 674 2348 duo·
719 2309 770 2349 etc.
784 2297 867 2349 Post:
885 2297 967 2347 Tertio
980 2301 1064 2364 genart
1084 2306 1174 2347 caetera
1186 2315 1233 2347 ea·

159 2377 211 2429 bus
221 2375 315 2447 palmis
333 2374 411 2426 abea
421 2374 449 2426 in
460 2393 556 2446 gyrum
571 2373 674 2439 fodies,
718 2376 780 2441 dem,
791 2375 857 2427 ralia
876 2375 1022 2427 herbaceus:
1039 2375 1130 2446 posuit
1152 2375 1234 2428 herba·

160 2469 187 2509 et
200 2474 269 2526 aqua
280 2452 364 2506 calida
380 2452 422 2505 his
439 2454 537 2524 rigabis
553 2456 580 2507 in
592 2453 647 2506 die.
659 2481 669 2502 ο
717 2451 782 2507 ecura
791 2474 841 2524 pro
851 2474 883 2507 eo
893 2454 967 2527 quod
978 2455 1006 2507 in
1013 2453 1171 2508 Dioscuridc
1180 2467 1234 2520 est,

159 2535 204 2588 stc
218 2533 349 2604 Didymus
358 2532 387 2583 in
400 2532 488 2604 Geop.
500 2534 548 2586 l.c.
563 2535 652 2586 Hsuu.
718 2530 852 2606 epanodos*
867 2535 925 2605 lege
944 2553 1008 2606 ergo
1020 2534 1160 2601 deleamus,
1181 2553 1232 2606 pro

199 2616 246 2666 xl.
256 2632 281 2666 1.
291 2612 366 2681 Quod
376 2612 472 2666 liriaou.
480 2614 599 2685 Aerpuo‘u:
611 2632 673 2666 nam
718 2615 854 2666 herbaceus.
862 2612 937 2667 Idem
951 2612 1079 2666 mendum
1087 2614 1233 2686 infre,cep.

159 2711 234 2764 aeque
257 2692 343 2756 Graeci
366 2692 451 2762 λείριον
473 2692 560 2744 lilium
582 2693 674 2764 appel·
720 2713 770 2764 19:
785 2694 921 2746 «Narcissi
932 2692 987 2746 duo
1000 2712 1096 2764 genera
1110 2694 1139 2745 in
1156 2712 1233 2746 usum

159 2775 223 2826 lant.
246 2771 332 2825 Iidem
360 2784 387 2822 et
405 2774 513 2833 σούσινον
538 2791 673 2843 nuncupa·
717 2773 817 2827 medici
828 2773 981 2843 recipiunt:
998 2791 1081 2826 unum
1094 2792 1233 2844 purpureo
1256 2844 1258 2847 Ι

158 2872 233 2918 vere,
251 2864 282 2904 ut
295 2850 410 2903 diximus
430 2851 513 2915 XIII,
536 2873 562 2906 ο.
583 2852 672 2905 Diosc.
718 2853 805 2917 flore,
820 2854 931 2905 alterum
943 2852 1115 2924 herbaceum.
1134 2878 1146 2898 ι
1162 2853 1232 2906 Scri·

158 2935 215 2998 ΙΙΙ,
234 2936 279 2996 16,
294 2930 328 2983 de
338 2930 412 2983 lilio:
428 2933 469 3001 ἀφ’
487 2925 512 2984 οὗ
524 2933 566 2985 καὶ
582 2935 610 2986 τὸ
624 2935 673 3003 χρί·
717 2930 849 2997 bendum,
862 2932 1005 2985 beluaceum.
1018 2932 1099 2986 Color
1110 2931 1232 2986 belensem

158 3033 212 3084 apa
223 3010 471 3074 κατασκιυοίζιται,ὅ
487 3033 550 3074 τινος
563 3017 671 3084 λιιρινὸν,
717 3026 743 3066 et
753 3013 891 3065 delrcasest
899 3013 968 3065 inter
976 3031 1081 3064 russum
1093 3025 1120 3065 et
1130 3012 1231 3064 album:

158 3095 178 3144 οἶ
192 3089 222 3144 dl
238 3093 345 3144 σούσινον
358 3090 576 3146 autumnitano.
716 3092 752 3146 ita
767 3094 874 3145 Festus:
892 3093 931 3143 tic
946 3093 1021 3162 plane
1036 3103 1072 3143 est
1089 3092 1188 3144 melinus
1210 3103 1233 3144 et

201 3192 225 3224 a.
246 3172 283 3223 Et
303 3173 446 3238 impositum.
465 3171 575 3223 Mallem
595 3173 670 3222 iuter-
715 3172 793 3223 lacteus
803 3173 879 3235 color,
886 3171 930 3222 uel
939 3190 1040 3223 croceus.
1049 3171 1158 3223 Salmas.
1169 3190 1231 3224 102.

154 3255 267 3320 positum.
295 3248 423 3316 Intelligit
448 3250 534 3311 enim,
561 3250 670 3317 opinor,
715 3250 994 3303 —Lilr‘umcaudidum
1009 3240 1019 3319 (
1030 3251 1145 3302 Hecaud.
1159 3251 1230 3303 Moe.

156 3332 267 3401 gratiam
277 3328 428 3390 hortorum,
440 3329 483 3379 vel
495 3346 672 3392 coronarum,
715 3348 775 3400 gen.
797 3349 850 3400 791
871 3331 944 3382 Pers.
957 3331 1047 3382 Liliac.
1063 3331 1078 3382 J
1082 3349 1132 3383 uss.
1141 3319 1161 3399 )
1178 3330 1231 3384 Eu.

157 3429 212 3462 non
236 3426 290 3461 esse
317 3408 416 3462 levem,
441 3405 670 3476 quemadmodum
758 3417 783 3472 4.
812 3409 992 3462 Conuoluulum.
1017 3409 1110 3472 Gallis,
1135 3411 1230 3462 liseruu.

156 3489 232 3542 Maro
246 3487 342 3541 cecinit
356 3484 464 3538 AEneid.
481 3487 549 3550 XII,
564 3506 602 3539 vs.
616 3492 669 3556 69:
715 3487 818 3541 Smilax·
836 3489 908 3542 laevis
939 3489 1065 3541 minora
1092 3487 1248 3545 Dodonaeo.

160 3594 171 3616 ι
243 3568 323 3619 mixta
337 3566 437 3618 rubent
449 3567 497 3617 ubi
514 3566 568 3628 lilia
586 3567 669 3621 multa
714 3581 834 3634 vocatur,
855 3567 927 3638 apud
946 3587 1027 3641 quem
1050 3570 1156 3620 iconem
1176 3570 1232 3640 ejus

155 3648 223 3699 Alba
237 3665 304 3698 rosa.
316 3672 327 3693 n
342 3645 436 3699 Hann.
714 3647 786 3700 vide.
801 3649 891 3701 Hanu.
910 3680 949 3690 -
965 3648 1126 3701 convolutas
1140 3652 1232 3718 sepium

198 3727 225 3780 3·
240 3725 339 3777 Candor
347 3728 397 3794 ejus
408 3728 508 3778 eximius
517 3724 589 3790 sollis
602 3727 668 3792 soris
713 3718 861 3796 (Pentaud.
878 3728 979 3797 Monog.
998 3746 1060 3798 gen.
1080 3729 1137 3790 416
1155 3728 1231 3780 Pers.

156 3808 261 3866 strictis,
284 3816 336 3856 et...
363 3825 412 3856 sese
439 3805 590 3869 taxantibus,
617 3817 667 3858 etc.
715 3799 962 3874 convolutum).
979 3808 1031 3860 Eu.

158 3877 309 3956 (sicGron.
324 3896 350 3935 et
363 3885 404 3936 At.
418 3899 479 3938 ante
493 3883 577 3938 Hasd.
594 3873 666 3952 En.)
755 3887 781 3940 5.
794 3887 903 3940 Nasceus
921 3906 967 3957 per
979 3883 1097 3946 frutecta.
1117 3885 1155 3937 Ea
1174 3898 1230 3946 est,

156 3964 272 4038 Legend.
289 3962 390 4016 Candor
410 3966 460 4032 ejas
479 3969 589 4030 euimius,
601 3967 668 4032 foris
712 3985 771 4036 quer
785 3967 891 4019 Jesione
907 3967 1139 4038 eTlteophrasto,
1159 3978 1186 4018 et
1197 3965 1230 4018 ab
