2670 4830
451 366 612 434 amun
638 367 745 433 xxi.
1063 315 1074 335 '⁵
1092 370 1133 442 51
1161 370 1164 375 ’

53 512 125 584 rat,
148 512 208 568 aut
231 522 273 567 cx
289 497 399 589 Ajscis
412 521 533 567 cruore
551 498 648 576 editi,
677 500 723 566 ita
737 499 1001 572 discurrentibus
1023 508 1135 594 venis,

54 658 132 710 color
144 654 227 719 huic,
241 669 381 728 argenteus
391 668 456 708 esset
468 657 569 720 inillis,
618 657 741 728 spuisse,
751 670 781 710 ut
792 677 853 711 mox
864 677 922 733 cap.
935 680 975 733 sq.
988 661 1023 716 de
1034 665 1133 735 potho:

56 751 107 791 etc,
120 762 132 784 ·
144 736 226 790 Coni.
239 736 357 806 Martyn.
368 734 402 790 ad
413 736 570 806 Georg.lV‚
623 761 634 785 ι
649 737 711 788 Duo
731 755 827 807 genera
847 739 948 810 hujust
969 760 1070 810 unum,
1088 745 1134 799 cui

61 817 135 882 1833
148 816 170 869 F
171 816 223 879 tis,
238 835 284 886 op.
300 816 347 870 cit.
360 834 421 888 pag.
437 834 516 868 cxvu
532 835 572 887 sq.
618 814 669 868 flos
679 815 805 880 hyacinthi
815 830 854 870 est
866 816 875 879 (
886 819 946 875 h.e.
958 823 1135 893 hyacinthino

59 894 166 949 Dodon.
181 896 261 949 etiam
274 915 302 967 p.
322 913 385 964 199.
404 895 473 948 Sunt
486 908 573 948 tamen
619 895 724 961 colore;
745 915 778 948 an
802 898 906 960 Lyclrm's
932 898 1134 956 Chalcedonicc?

58 977 106 1048 qui
124 972 327 1041 contradicant,
341 988 369 1028 ut
388 974 575 1046 Sprengelius,
619 975 703 1027 variat
713 975 878 1047 certequoad
887 977 984 1033 florum
994 972 1133 1053 colorem);

58 1057 101 1108 vir
115 1073 230 1108 summo
244 1054 286 1107 hit
297 1056 326 1107 in
340 1056 421 1108 rebus
432 1056 576 1108 auctorita·
619 1053 730 1119 alterum
744 1057 890 1121 candidius,
912 1069 963 1111 etc.
979 1084 991 1106 ι
1009 1061 1090 1116 Unde
1100 1082 1134 1117 ex

60 1136 105 1199 tis,
121 1135 168 1206 qui
190 1135 297 1199 sic'ait,
314 1135 381 1187 llist
394 1135 443 1188 Rei
455 1134 533 1187 herb.
548 1135 576 1199 I,
619 1134 716 1187 talibus
728 1136 795 1189 locis
819 1154 925 1207 parum,
949 1139 1034 1192 immo
1053 1142 1133 1197 ctiam
1237 1184 1243 1207 ,

60 1210 574 1286 p.142,·Gladioluscommam's(Triand.
619 1213 689 1266 nihil
714 1215 805 1267 anxilii
822 1214 992 1288 sperandum.
1016 1219 1134 1293 Huiusce

61 1314 157 1364 monog.
170 1313 232 1366 gen.
247 1312 296 1346 101
315 1293 386 1347 Pers.
400 1292 462 1346 trid.
483 1290 576 1356 lusa.)
620 1305 709 1346 sutem
721 1294 784 1346 libri
800 1313 858 1366 cap.
872 1316 918 1365 97,
932 1299 969 1350 sic
987 1298 1084 1352 iterum
1099 1299 1134 1356 dc

61 1388 98 1428 est
111 1374 276 1445 hyacinthus
284 1373 394 1445 Virgilii
405 1374 451 1428 Ec.
464 1374 575 1438 111‚63;
621 1372 767 1444 hyacintho
779 1375 875 1428 Noster
888 1394 895 1427 :
914 1403 926 1424 ι
938 1377 971 1429 In
980 1377 1066 1432 Gallia
1080 1400 1134 1435 ma·

61 1453 577 1524 Georg.lV‚18330bncotaro-stigma·
621 1453 691 1505 xime
701 1455 841 1524 provenit;
852 1455 905 1507 hoo
918 1457 956 1510 ibi
971 1458 1033 1510 fuco
1042 1459 1133 1533 hysgi-

62 1535 94 1587 tis
102 1534 240 1593 lineasAI,
254 1534 342 1605 Ajacis
357 1552 457 1586 nomen
467 1534 577 1586 Veteres
621 1549 686 1585 num
704 1533 825 1603 tingitur.
845 1534 931 1587 Radix
948 1550 986 1590 est
1001 1538 1134 1608 butham,

60 1614 185 1685 legebant
196 1612 225 1665 in
240 1612 324 1678 flore,
339 1611 411 1665 unde
425 1611 578 1683 exponendi
622 1613 1134 1688 mangoniciisvenalitiispulchrenota,

62 1713 171 1758 versus,
186 1693 233 1745 Ec.
248 1692 302 1754 III,
319 1710 382 1746 roo:
397 1692 577 1762 «Dicquibus
622 1704 671 1745 etc.
688 1716 699 1738 ι
722 1693 785 1744 Νοη
806 1694 860 1764 jam
879 1692 914 1747 de
930 1695 1070 1766 delphinio
1090 1702 1134 1754 vel

61 1773 88 1825 in
112 1773 192 1827 terris
213 1772 336 1841 inscripti
357 1772 466 1824 nomina
483 1789 576 1842 regum
621 1770 678 1823 lilio
692 1770 808 1842 quodam
830 1773 875 1826 hic
897 1777 993 1846 agitur,
1014 1776 1060 1830 sed
1076 1781 1135 1834 sinc

62 1853 212 1906 Nascantur
224 1851 313 1904 flores}
327 1877 338 1899 ι
355 1853 496 1922 Martynus
510 1851 578 1904 male
622 1847 706 1902 dubio
716 1849 750 1904 dc
766 1852 866 1922 planta,
876 1857 951 1925 cujus
965 1856 1067 1910 Plinius
1077 1878 1134 1915 mc·

62 1934 152 1985 Liliam
168 1931 305 2001 Mactagon
317 1931 370 1984 huc
387 1931 477 1984 trahit.
498 1931 577 1984 Conf.
622 1930 701 1984 miuit
724 1923 905 1986 vac'ciniorum
931 1936 1055 2001 nomine,
1084 1941 1134 1994 lib.

61 2010 277 2072 Theocr.1d.X,
291 2013 340 2074 28,
350 2024 376 2064 et
386 2010 447 2065 seh.
459 2011 577 2081 Anguill.
623 2010 700 2070 xvt.
717 2029 776 2080 cap.
797 2010 830 2063 31
854 2031 863 2068 t
887 2037 899 2060 α
909 2015 979 2067 Item
999 2019 1133 2085 vaccinia,

62 2111 89 2163 p.
104 2097 169 2156 ¹⁵4·
179 2091 307 2163 Optimus
316 2091 494 2162 Sibthorpius,
503 2091 585 2143 Flora
621 2089 704 2141 Italiac
719 2090 868 2161 mancupiis
881 2105 952 2146 sata:
969 2095 1134 2154 Galliavem

62 2171 485 2242 grnc.tah.xxxv111varietatem
497 2171 577 2223 habet
621 2169 701 2221 etiarn
728 2187 855 2240 pnrpurae
882 2171 1023 2244 tingendas=
1041 2195 1133 2245 causa,

62 2271 143 2323 quam
160 2250 206 2306 GL
225 2251 363 2319 ertptyttam
379 2249 459 2314 dicit,
475 2251 578 2321 elegan·
622 2261 699 2301 etc·
724 2249 853 2302 Vaccinia
885 2251 930 2305 illa
960 2254 1133 2328 Sprengclio,

62 2331 166 2384 tissimo
197 2329 442 2400 nectam-stigmate
472 2330 577 2400 conspi·
621 2340 681 2398 post
705 2330 905 2399 Dalecampium
933 2344 1038 2399 tamen,
1071 2350 1136 2392 sunt

61 2429 150 2464 cuam.
164 2436 177 2459 ι
200 2411 235 2462 In
257 2423 329 2463 tanta
350 2422 495 2462 auctorum
508 2409 577 2463 celc·
621 2408 1133 2489 PronusMalalebllcosand.monog.gsn.

62 2489 276 2545 bmtissimorum
294 2488 440 2551 discordia,
460 2501 577 2541 nostram
627 2505 697 2540 1221
714 2481 1000 2559 auctionatus),
1015 2492 1050 2548 de
1067 2515 1134 2568 qua,

63 2589 110 2623 nos
144 2588 256 2641 qnoque
280 2568 429 2641 symbolam
456 2569 579 2621 conferre
622 2585 655 2619 an
669 2567 733 2619 olim
753 2568 886 2638 tingendis
899 2573 1056 2628 vestibusin
1068 2576 1133 2630 Gal.

63 2649 176 2702 minime
195 2667 265 2719 opus
284 2661 332 2702 est.
354 2649 380 2700 Is
399 2666 463 2700 tero
476 2648 580 2700 Plinius
622 2647 655 2698 lia
677 2647 749 2699 utilis
766 2648 861 2715 fuerit,
883 2651 944 2704 satis
963 2654 1133 2724 exploratum

64 2728 182 2794 videtur,
204 2726 278 2799 apud
298 2746 378 2800 quem
399 2727 490 2797 plures
508 2740 579 2781 notae
622 2726 765 2789 habemus,
782 2728 861 2781 etiam
876 2746 907 2783 ex
919 2730 1038 2785 Vitruvii
1059 2739 1132 2790 testi·

62 2820 222 2874 occurrant,
241 2808 341 2879 quibus
354 2808 387 2859 lis
399 2806 444 2859 illa
468 2805 576 2861 tandem
619 2805 723 2869 monio,
732 2806 780 2858 lib.
788 2808 852 2870 Vll,
864 2827 922 2880 cap.
939 2811 1026 2866 ultim.
1041 2816 1133 2880 Quum

63 2879 154 2941 dirimi
167 2892 261 2959 queht3
282 2883 380 2958 n‘empe
394 2887 500 2958 quoties
513 2887 576 2939 alias
621 2903 685 2937 vero
696 2883 811 2938 radicem
828 2886 965 2940 bulbaceam
985 2893 1132 2961 hyacintho

10 2992 15 2999 ·
63 2967 158 3021 herhas
172 2986 234 3021 cum
255 2967 401 3037 hyacintho
418 2966 576 3035 componit:
620 2965 659 3017 illi
672 2964 807 3029 attribuit,
828 2968 999 3038 perspicuum
1017 2968 1132 3028 estnon

65 3048 99 3100 sic
112 3067 139 3102 v.
151 3067 177 3118 g.
191 3047 239 3099 lib.
255 3048 345 3108 XXV,
357 3065 417 3116 cap.
435 3050 470 3100 80
482 3043 516 3098 dc
528 3064 578 3098 an·
617 3045 672 3115 jam
683 3044 800 3096 vaccinia
813 3045 904 3115 gallica
917 3047 1045 3104 Nostrum
1054 3053 1133 3107 intel·

66 3127 199 3181 tirrhino:
215 3126 326 3179 «similis
336 3126 404 3186 lino.
418 3124 507 3178 radice
517 3125 577 3177 nul·
619 3124 712 3194 ligere,
723 3121 770 3176 sed
782 3126 897 3196 speciem
909 3127 1054 3199 vulgarem,
1067 3134 1135 3186 itali.

68 3206 102 3267 la,
119 3206 188 3260 dore
210 3205 363 3276 hyacinthi,
381 3205 482 3258 semine
500 3204 577 3257 vituli
621 3220 693 3266 cam,
707 3204 854 3274 mancupiis
875 3219 971 3271 satam,
984 3209 1133 3280 gladiolum

68 3287 183 3349 narium,
199 3298 250 3339 etc.
261 3310 272 3332 ι
290 3304 350 3357 quas
368 3285 425 3338 sine
447 3283 531 3337 dubio
542 3282 578 3337 de
620 3282 753 3354 plerisque
771 3285 923 3341 auctoribus
938 3305 1133 3362 nuncupatam,

73 3367 212 3418 Antirrhion
223 3364 390 3434 majoredicta
399 3357 505 3433 (μόσχου
511 3364 577 3434 ῥίνας
622 3360 695 3434 quod
708 3363 738 3415 in
754 3365 911 3418 sententiam
931 3367 1078 3440 Sprengclii
1098 3371 1134 3428 dc

9 3460 12 3521 ᾗ
74 3443 226 3516 habetapud
240 3441 513 3515 Theophr.lX,21),
526 3443 577 3495 nisi
621 3442 766 3512 hyacintho
795 3443 869 3513 prius
897 3445 996 3499 dictam
1020 3451 1131 3508 recedit.

9 3546 28 3583 ς.
75 3523 102 3575 sit
122 3525 213 3596 potius
230 3526 267 3578 A.
286 3536 440 3595 purpureum,
466 3522 501 3576 de
522 3540 577 3592 quo
621 3520 689 3575 Inde
705 3535 778 3592 patet
798 3521 862 3575 duas
881 3524 1019 3595 hyacinthi
1032 3534 1134 3600 species

79 3602 186 3658 Dioscor.
199 3605 252 3668 lv,
273 3606 345 3667 133,
365 3602 399 3656 ad
421 3604 577 3673 Delphinion
621 3601 708 3654 Plinio
728 3613 805 3653 notas
827 3601 919 3666 fuisse,
934 3606 981 3674 qni
1000 3613 1133 3666 nonsatis

82 3683 162 3749 Aiacis,
171 3683 262 3755 quoad
271 3686 363 3737 saltem
374 3682 449 3752 floris
461 3682 577 3751 speciem
619 3681 671 3733 sibi
690 3694 824 3746 constans,
853 3681 1019 3739 characteres
1037 3690 1135 3761 plantis

8 3774 28 3859 p
82 3760 158 3816 reterri
175 3783 253 3835 posse
270 3762 424 3827 crcdamus;
437 3759 576 3815 latendum
621 3759 726 3812 duobus
737 3759 849 3814 diversis
865 3763 989 3833 proprios
1004 3785 1034 3822 ac
1052 3790 1133 3842 pecu.

8 3862 29 3915 up
85 3855 134 3893 veto
144 3857 181 3896 est
198 3845 226 3895 in
244 3843 378 3914 plerisque
396 3838 526 3912 ejusmodi
539 3841 577 3893 lo·
621 3840 710 3903 liares,
725 3840 771 3892 uni
792 3841 958 3909 plantae‚sen
971 3844 1135 3920 hyacintho,

8 3922 32 3993 tl
87 3917 236 3980 ciaaonad
247 3923 322 3976 floris
337 3924 448 3975 formam
464 3933 490 3973 et
505 3919 579 3973 habi·
623 3937 668 3970 seu
685 3920 805 3971 vaccinia
817 3937 957 3992 perperam
969 3925 1078 3985 indidit.
1099 3935 1136 3985 Ut'

8 4000 34 4051 ν’
89 4005 145 4061 lum.
162 4003 206 4055 sed
220 4002 255 4055 ad
269 4002 390 4056 colorem
403 4001 521 4054 Plinium
537 4016 580 4051 re·
625 4012 655 4049 ut
679 4009 731 4062 est,
747 4000 806 4068 quis
825 4001 964 4072 qualisque
981 4004 1060 4062 fuerit
1077 4030 1137 4065 vere

935 4110 973 4195 4,
