2670 4830
166 363 214 433 tio
444 368 483 435 C.
509 368 677 436 PLINII
704 368 813 435 NAT.
842 366 963 433 HIST.

166 510 318 591 aparte,
340 523 407 591 quo
428 498 508 566 nihil
532 525 603 568 esse
625 499 775 568 fallacius
797 512 925 593 potest,
947 497 1009 565 nisi
1030 497 1121 589 quod
1140 496 1232 567 livor

165 603 470 703 deprehenduntur.
485 606 576 694 Quid
586 607 648 674 sibi
663 605 807 674 voluisse
819 619 972 673 naturam
989 604 1028 671 iis
1042 604 1233 674 arbitremur

164 708 304 795 insidiis,
326 725 364 778 ut
385 712 428 779 ab
442 712 557 780 iisdem
574 713 713 806 apibus,
733 737 795 780 nec
815 707 971 780 omnibus
990 710 1086 778 annis
1101 709 1233 796 fierent,

163 829 310 883 autnon
333 818 409 885 totis
432 816 539 886 favis?
562 804 705 886 Parum⁵
729 833 801 887 erat
824 818 976 911 genuisse
998 840 1092 899 rem,
1116 818 1230 911 inqua

163 944 327 989 venenum
345 922 498 992 facillime
513 924 649 992 daretur
664 949 671 991 :
688 925 832 992 etiamne
843 923 916 991 'hoc
932 924 1003 1016 ipsa
1017 923 1052 990 in
1068 921 1166 992 melle
1185 937 1227 997 tot.

128 1067 141 1098 α
163 1026 358 1096 animalibus
378 1028 491 1099 dediti
510 1030 603 1118 Quid
624 1031 686 1099 sibi
704 1029 829 1115 voluit,
848 1031 909 1097 nisi
925 1043 963 1097 ut
977 1030 1161 1098 cautiorem
1179 1031 1225 1098 mi·

162 1158 290 1226 nosque
309 1135 443 1204 avidum
460 1136 585 1204 faceret
597 1134 787 1205 hominem?
805 1138 883 1205 Non
900 1119 1002 1203 enim⁶
1021 1148 1054 1203 et
1071 1137 1152 1229 ipsis
1165 1136 1223 1229 jan

161 1240 278 1332 apibus
304 1241 457 1335 cuspides
478 1241 638 1329 dederat,
660 1243 842 1336 etquidem
867 1239 1064 1309 venenatas?
1088 1242 1223 1311 remedio

124 1369 140 1420 3
159 1344 317 1415 adversus
337 1348 396 1416 has
415 1349 528 1442 utique
546 1373 614 1416 non
637 1348 831 1417 differendo.
857 1350 948 1440 Ergo
972 1345 1106 1416 malvae⁷
1122 1373 1224 1432 succo,

157 1466 216 1519 ant
227 1452 381 1521 foliorum
397 1453 504 1522 ederoe
518 1457 657 1548 perungi
675 1454 817 1523 salutare
831 1467 904 1538 est,
922 1453 971 1521 vel
985 1477 1161 1546 percussos
1175 1479 1222 1523 eas

158 1556 282 1627 bibere.
303 1545 449 1627 Mirum⁸
469 1574 580 1629 tamen
596 1556 802 1645 est,venena
823 1573 993 1654 portantes
1012 1583 1087 1641 ore,
1106 1560 1223 1655 [ingen

85 1708 90 1716 ·
156 1677 271 1757 tesqua
286 1667 373 1759 ipsas
391 1691 458 1734 non
477 1669 586 1737 mori:
612 1668 675 1736 nisi
692 1667 782 1760 quod
799 1665 853 1735 illa
874 1665 1008 1734 domina
1024 1690 1136 1733 rerum
1159 1692 1221 1758 om·

153 1770 246 1838 nium
265 1772 353 1840 hanc
375 1771 466 1840 dedit
481 1775 734 1868 repugnantiam
757 1773 892 1867 apibus,
918 1773 1003 1840 sicut
1022 1786 1140 1841 contra
1161 1799 1220 1844 ser·

151 1890 267 1968 pentes
281 1876 417 1972 Psyllis⁹
437 1881 624 1972 Marsisque
642 1881 728 1947 inter
746 1880 907 1949 homines.

119 2022 130 2054 1
205 1985 327 2077 XLVI.
348 1974 448 2076 (xiv,
462 1985 472 2065 )
488 1985 585 2053 Aliud
605 1987 638 2054 in
657 1987 758 2054 Creta
781 1982 976 2054 miraculum
991 1983 1107 2053 mellis.
1125 1987 1220 2055 Mons

84 2169 88 2191 Ι
152 2102 202 2155 est
221 2090 365 2159 Carina¹
388 2117 425 2160 ix
447 2115 486 2160 Μ.
506 2116 662 2186 passuum
683 2093 809 2161 ambitu
830 2117 837 2159 :
862 2094 949 2158 intra
972 2091 1061 2183 quod
1082 2093 1218 2185 spatium

150 2218 273 2264 muscae
300 2223 368 2265 non
388 2199 611 2292 reperiuntur,
630 2214 812 2292 natumque
829 2200 875 2268 ibi
897 2196 962 2265 mel
983 2221 1149 2290 nusquam
1171 2213 1217 2267 at-

151 2300 295 2394 tingunt.
312 2307 384 2372 Hoc
398 2306 625 2398 experimento
640 2291 806 2399 singulare
819 2304 1067 2373 medicamentis
1078 2294 1216 2398 eligitur.

168 2505 169 2508 ’
190 2493 216 2547 5.
231 2493 322 2544 Parum
340 2495 402 2544 caim
417 2504 470 2544 erat
487 2489 543 2554 (sie
561 2485 656 2569 olim).
702 2493 824 2562 proiecto
836 2509 928 2544 sensus
942 2491 1045 2555 nullus,
1065 2509 1158 2562 neque
1178 2492 1217 2544 hie

145 2572 278 2625 Particula
289 2576 352 2624 enim
362 2573 479 2642 optitnns
493 2592 548 2624 non
565 2573 657 2625 utitur.
702 2572 775 2625 melli
791 2574 864 2625 loeus
877 2584 924 2624 est.
939 2568 1218 2624 Gitona—Hactenus

144 2651 236 2704 Livius
247 2653 294 2704 lib.
305 2653 381 2716 xxi,
391 2652 494 2705 inorat.
502 2651 658 2706 Hannibalis
702 2653 822 2706 Gronov.
848 2663 875 2704 et
903 2649 1014 2703 totidem
1043 2651 1100 2704 fero
1129 2651 1216 2704 verbis

144 2730 178 2784 ad
188 2732 335 2785 exereitum
347 2730 419 2802 apud
434 2730 575 2805 Ticinum3
591 2733 658 2787 ·Pa·
703 2730 787 2785 Hard.
803 2732 857 2784 Eu.

143 2829 205 2863 rum
222 2824 277 2877 est,
293 2810 368 2882 quod
384 2812 537 2864 veterrimas
548 2813 657 2883 provin·
742 2831 769 2881 7.
782 2813 854 2881 Ergo
870 2809 963 2862 malvoe.
984 2809 1073 2862 Diosc.
1089 2811 1155 2862 aaa.
1173 2811 1211 2872 ll,

142 2891 196 2944 cias
217 2910 288 2944 meas
310 2891 427 2944 Siciliam
454 2904 481 2944 et
505 2889 655 2947 Sardiniam
703 2909 765 2954 ιιι,
778 2911 804 2961 p.
821 2893 886 2943 116.
901 2889 993 2942 Hiran.

141 2970 257 3024 adimis?
273 2997 284 3018 ι
311 2972 415 3024 Plinius
440 2972 488 3024 lib.
508 2973 563 3030 lx,
592 2972 654 3026 ³5:
741 2973 768 3024 8.
781 2971 881 3024 Mirum.
892 2969 986 3021 Mirari
1000 2969 1083 3034 subit,
1097 2986 1213 3041 curapes

145 3051 368 3105 «Parumscilicet
376 3064 442 3115 erat,
450 3051 478 3104 in
488 3052 562 3121 gulas
572 3050 653 3104 condi
698 3051 762 3122 ipsse
781 3068 836 3103 non
857 3049 1016 3113 moriantur,
1038 3066 1099 3120 quse
1112 3067 1213 3102 venena

141 3131 239 3195 maria,
250 3131 300 3183 nisi
317 3131 451 3192 manibus,
465 3131 587 3194 auribus,
600 3143 651 3184 ete.
697 3138 806 3200 portant
814 3149 870 3192 ore,
881 3140 909 3180 et
917 3147 1017 3181 venena
1029 3128 1143 3198 fingunt.
1158 3130 1192 3182 Η.

54 3214 57 3221 ’
138 3221 341 3281 gestarentur.»
372 3209 500 3262 Ibidem:
529 3232 540 3253 ·
554 3211 652 3280 Parum
736 3228 764 3277 9.
779 3210 877 3276 Psyllis.
895 3209 935 3260 De
946 3207 1044 3278 quibus
1057 3207 1160 3262 dictum
1175 3220 1211 3261 est

139 3303 193 3355 est,
214 3290 265 3342 nisi
288 3289 333 3359 qui
357 3289 491 3341 vescimur
510 3284 651 3359 periculis,
698 3291 769 3348 Vll,
787 3310 813 3342 a.
827 3288 920 3340 Hiran.

138 3371 218 3423 etiam
233 3369 382 3423 vestiamur.
396 3367 515 3421 »Gaetu
736 3362 837 3421 XLVII
853 3388 876 3421 1.
895 3367 968 3420 Mons
985 3380 1021 3418 est
1041 3367 1144 3420 Carina.
1164 3367 1207 3421 Sic

179 3453 205 3501 6.
221 3450 278 3502 Non
292 3451 353 3500 enim
366 3450 413 3518 ipsi
424 3449 504 3510 matti,
515 3448 651 3519 sedapibus
695 3448 772 3501 MSS.
788 3450 869 3518 Regg.
888 3445 965 3499 Cotb.
981 3466 1008 3511 a,
1025 3458 1075 3499 etc.
1091 3445 1206 3511 Quidam

132 3525 206 3597 jam(
214 3531 250 3582 sic
263 3529 310 3581 tib.
326 3539 387 3580 ante
400 3526 482 3580 Hard.
495 3524 584 3590 editi).
597 3529 649 3580 Ite·
696 3527 795 3580 Carmo.
808 3527 886 3581 Colb.
901 3546 926 3590 1,
938 3527 1072 3578 NorinaAE
1073 3539 1132 3579 orte
1145 3527 1207 3580 Car·
1229 3543 1233 3551 ·

135 3627 196 3661 rum
208 3609 335 3661 brevius:
355 3633 366 3655 ι
379 3628 435 3660 non
450 3608 521 3659 enim
539 3619 566 3659 et
585 3608 649 3678 ipsis
693 3610 751 3660 nia:
762 3608 839 3679 cujus
850 3606 967 3658 nominis
978 3617 1096 3658 montem
1112 3607 1140 3658 in
1158 3609 1206 3658 Ar·

132 3688 187 3759 jam
202 3689 296 3759 apibus
307 3686 431 3757 cuspides
442 3685 578 3740 dederat.»
589 3688 648 3741 Hoc
692 3686 768 3740 cadis
781 3706 839 3740 esse
854 3699 945 3739 auctor
963 3699 1002 3737 est
1016 3685 1204 3748 Callimachus,

47 3779 51 3791 ¹
134 3780 188 3832 est,
204 3766 498 3838 quasinonapesipste
509 3767 648 3830 haherent,
691 3765 786 3837 hymn.
805 3767 834 3819 in
852 3767 981 3818 Dian.·v.
1007 3783 1067 3832 109.
1083 3765 1203 3817 Mentem

133 3867 187 3918 quo
211 3847 306 3899 laedere
327 3860 447 3916 possent,
469 3859 495 3899 et
508 3847 646 3900 hominem
692 3847 792 3908 Cretas,
814 3846 891 3899 melle
912 3845 1048 3907 nobilem,
1066 3857 1096 3896 ut
1111 3845 1202 3897 Attica

132 3941 239 3980 cautum
262 3945 318 3978 esse
336 3925 476 3997 minusque
494 3927 579 3979 mellis
599 3945 645 3997 ap·
690 3926 846 3996 Hymettum
866 3936 959 3977 auctor
982 3924 1067 3993 Geop.
1092 3926 1153 3988 XV,
1175 3943 1199 3991 7,

132 4020 267 4079 petentem
298 4019 431 4077 cogerent⁴
459 4008 493 4060 Et
531 4007 643 4078 vulgata
689 3997 904 4076 Ᾰκραμαμμωρίον
928 4017 1010 4057 vocat.
1024 4002 1057 4056 Η.
1077 4006 1199 4056 --Brot¹
